2574 4123
1017 384 1212 397 m
1283 357 1314 409 9
1384 382 1578 396 Μ

413 502 453 536 In
477 502 557 536 sinu
580 498 766 537 inferiore,
789 497 849 531 ubi
881 507 919 531 se
941 500 1094 539 tangunt
1117 494 1264 540 scapula
1295 499 1331 527 et
1353 498 1527 533 smmum,
1557 498 1629 526 tres
1658 493 1718 527 vel
1744 499 1898 539 quatuor
1924 495 2016 529 ossei
2039 499 2122 529 sunt
2145 496 2262 530 nuclei
2283 496 2320 530 in

269 581 381 605 unum
408 572 625 605 confluentes
647 573 682 601 et
706 566 933 601 acetabulum
959 564 1236 598 contornmntes.
1255 562 1332 607 (ee)
1382 560 1530 596 Accedit
1555 561 1673 596 adhuc
1699 568 1820 597 sterno
1855 563 1905 597 sic
1934 562 2046 606 dicto,
2074 563 2323 610 cartilagiuula

268 641 464 687 quadrata,
503 639 606 673 lineis
640 637 776 683 asperis
815 634 955 669 duabus
994 633 1158 667 cruciatis
1188 631 1394 674 dimidiata,
1417 630 1479 676 (g)
1509 631 1546 664 in
1578 642 1649 677 qua
1678 632 1847 667 inseritur
1880 632 2059 678 utrimque
2086 633 2322 679 ligamentum

269 717 518 745 transversum
538 706 715 747 validum,
742 704 838 752 quod
862 715 927 750 pro
954 702 1228 749 diaphragmate
1251 701 1370 735 locum
1393 700 1525 734 habere
1559 700 1713 735 videtur.

411 777 614 818 Humerus,
646 777 700 822 (f)
734 779 841 820 caput
870 772 1074 818 globosum,
1104 771 1237 805 collum
1266 770 1342 804 sere
1367 770 1525 812 nullum,
1560 770 1744 804 tubercula
1768 782 1901 816 magna
1933 771 2096 817 spinosa,
2128 773 2322 820 diaphysin

267 858 523 893 compressam,
548 843 970 892 epiphysin-inferiorem
994 840 1489 886 irregulari-triangularem‚
1521 844 1557 872 et
1585 839 1782 884 condylum
1807 840 2081 885 cartilagineum
2112 841 2220 877 habet
2244 855 2322 878 ma-

266 918 319 962 gis
354 917 504 963 planum
534 916 750 950 inferiorem.
814 911 974 953 Eadem,
1007 916 1043 944 et
1072 909 1174 945 radio
1208 916 1244 943 et
1270 909 1378 944 ulnae
1408 914 1462 945 est
1492 909 1625 953 figura,
1663 909 1858 954 ligamento
1894 910 2093 948 interesseo
2125 913 2321 949 associatis.

265 985 353 1021 Tab.
377 986 403 1020 Ι.
442 985 520 1031 Fig.
543 987 576 1020 4.

415 1055 554 1101 Carpus
579 1057 659 1088 octo
686 1053 845 1087 continet
861 1051 1016 1085 ossicula
1038 1051 1075 1084 in
1091 1055 1163 1084 tres
1177 1050 1288 1085 series
1312 1048 1489 1090 ordinata,
1513 1059 1605 1094 quae
1623 1048 1791 1084 humanis
1806 1056 1890 1085 sunt
1905 1062 2052 1097 prorsus
2069 1057 2322 1088 consentanea.

414 1124 642 1169 Metacarpus
666 1126 819 1168 quatuor
840 1120 949 1155 habet
973 1119 1170 1166 phalanges
1203 1130 1253 1153 ex
1278 1118 1471 1163 digitorum
1498 1129 1661 1153 numero.

413 1186 525 1237 Digiti
548 1197 670 1226 autem
695 1191 745 1225 ita
766 1195 850 1224 sunt
875 1190 1100 1231 conformati,
1124 1195 1164 1223 ut
1186 1188 1339 1229 medius,
1365 1195 1454 1229 tres,
1487 1186 1666 1222 indicator
1691 1193 1727 1222 et
1751 1188 1962 1223 auricularis
1991 1189 2082 1225 duas
2115 1191 2324 1225 contineant

266 1261 473 1309 phalanges,
500 1266 537 1296 at
562 1260 688 1308 pollex
711 1270 821 1295 unam
847 1258 1112 1301 tantummodo,
1127 1258 1268 1293 vtertiae
1293 1263 1493 1292 ceterorum
1517 1256 1710 1301 digitorum
1734 1257 2025 1304 respondentem.

1222 1421 1253 1467 ς.
1306 1423 1359 1456 10.

412 1532 638 1565 Extremitas
661 1530 808 1563 inferior
831 1539 912 1563 cum
936 1529 1035 1576 pelvi
1057 1527 1290 1563 construitur:
1317 1526 1457 1562 ossibus
1482 1526 1728 1569 innominatis,
1757 1527 1889 1563 deinde
1911 1528 2049 1564 femore
2074 1539 2156 1563 cum
2179 1527 2267 1563 tibia
2290 1534 2325 1561 et

265 1601 366 1635 ulna:
392 1600 547 1646 denique
572 1599 674 1646 pede.

411 1670 623 1716 Discreprat
644 1680 791 1715 prorsus
820 1668 956 1702 ossium
989 1667 1298 1700 innominatorum
1333 1666 1422 1700 situs
1451 1671 1486 1698 et
1511 1666 1723 1711 compositio
1753 1678 1775 1700 a
1800 1667 1927 1701 ceteris
1954 1667 2181 1701 animalibus.
2233 1665 2326 1701 Ossa

262 1740 368 1787 pubis
391 1740 562 1774 nimirum
596 1738 652 1772 hic
676 1744 759 1773 sunt
782 1738 892 1784 plana
917 1748 1037 1783 supra,
1069 1741 1103 1769 et
1126 1735 1222 1769 infra
1248 1740 1416 1775 curvata,
1441 1734 1528 1778 (aa)
1559 1735 1738 1780 utrimque
1762 1735 1916 1778 sinuata,
1939 1742 2065 1770 sutura
2088 1747 2176 1771 vera
2199 1746 2324 1769 conso-

266 1810 376 1847 ciata,
416 1808 470 1842 his
505 1807 718 1841 incumbunt
750 1806 976 1851 cartilagines
1009 1804 1174 1840 similiter
1205 1804 1453 1838 conformatae
1477 1803 1556 1847 (bb)
1589 1804 1717 1849 quibus
1749 1803 1861 1838 affixa
1893 1810 1947 1839 est
1977 1805 2148 1850 cartilago
2176 1804 2325 1851 ypsiloi-

265 1878 344 1920 dea,
369 1877 448 1921 (ec)
471 1877 548 1922 Fig.
573 1880 630 1911 21.
658 1887 785 1923 quam,
818 1880 993 1921 quantum
1016 1878 1241 1920 compertum
1271 1873 1404 1914 habeo,
1443 1873 1591 1907 Tou-son
1613 1873 1750 1919 primus
1776 1872 1964 1920 descripsit
1982 1872 2040 1918 ⁶⁴)
2075 1879 2110 1908 et
2141 1873 2324 1920 depinxit;

265 1948 398 1981 etenim
424 1946 628 1981 Schneider
651 1956 700 1979 cx
729 1944 907 1979 Tou-sonia·
925 1955 1043 1990 opere,
1068 1942 1231 1988 ejusdem
1253 1943 1476 1977 mentionem
1503 1942 1589 1976 facit
1614 1941 1910 1976 ta11tum1no‹lo.⁶
1917 1942 1951 1986 ⁵)
2002 1941 2095 1977 Cum
2117 1943 2325 1987 cartilagine
2354 1979 2360 1985 ,

265 2027 373 2063 supra
389 2020 684 2057 commemorata,
706 2015 936 2059 conjunctum
955 2018 1009 2047 est
1031 2013 1226 2046 ossiculum
1243 2017 1362 2052 tenue,
1386 2011 1593 2055 oblongum,
1618 2010 1761 2056 oblique
1774 2009 1943 2045 deorsum
1971 2011 2159 2055 directum,
2173 2011 2251 2056 (ee)
2270 2017 2325 2046 est

264 2091 386 2120 autem
413 2097 452 2119 os
477 2084 588 2119 ischii.
640 2083 690 2118 Os
715 2083 819 2129 pubis
845 2087 979 2123 autem,
1009 2081 1069 2114 ubi
1093 2092 1174 2114 cum
1200 2080 1409 2125 cartilagine
1430 2084 1466 2112 et
1488 2090 1569 2113 osse
1592 2078 1693 2113 ischii
1716 2080 1949 2123 connectitur,
1970 2081 2089 2115 nuclei
2111 2086 2196 2116 sunt
2218 2082 2323 2123 ossei,

264 2167 285 2189 e
315 2156 442 2201 quibus
473 2154 618 2189 femoris
650 2153 868 2187 construitur
899 2150 1139 2185 acetabulum.
1168 2170 1216 2174 ——
1246 2148 1384 2190 Quodsi
1416 2160 1455 2183 os
1488 2148 1592 2194 pubis
1621 2160 1703 2183 cum
1732 2150 1940 2195 cartilagine
1973 2149 2105 2185 insidet
2134 2151 2324 2185 columnae

263 2225 477 2266 ventebran,
509 2224 679 2270 recipitur
709 2223 880 2267 cartilago
912 2233 933 2256 a
964 2221 1080 2267 spatio
1113 2220 1206 2253 inter
1229 2230 1417 2266 processus
1449 2223 1676 2254 transversos
1703 2218 1917 2265 lumbalium
1942 2219 2234 2255 vertebrararum
2259 2231 2324 2255 va-

264 2305 342 2336 cuo,
374 2293 470 2328 unde
499 2294 539 2328 fit
563 2299 603 2327 ut
628 2305 650 2327 a
673 2292 892 2337 cartilagine,
924 2302 1004 2325 osse
1028 2289 1128 2324 ischii
1158 2295 1193 2322 et
1217 2289 1420 2323 substantia
1452 2288 1542 2323 ossis
1574 2289 1667 2323 sacri
1691 2289 1935 2334 cartilaginea,
1959 2289 2124 2323 foramen
2149 2289 2325 2324 formetur

258 2361 920 2407 ⁴oblongo-accuminato-ellipticum,
943 2359 1028 2393 vide
1053 2358 1140 2391 Tab.
1163 2358 1190 2390 I.
1215 2357 1293 2401 Fig.
1319 2360 1351 2390 4.
1401 2356 1482 2391 Non
1506 2356 1772 2399 dubitavimus,
1804 2359 1889 2403 quin
1921 2369 1962 2392 os
1985 2358 2090 2404 pubis
2116 2369 2197 2392 cum
2220 2359 2325 2392 carti-

265 2432 384 2477 lagine
409 2442 519 2478 supra
541 2430 733 2477 descripta,
758 2440 798 2463 os
820 2426 1029 2474 ileo-pubis
1051 2425 1345 2467 denominemus,
1379 2430 1414 2459 et
1449 2424 1595 2471 quidem
1623 2437 1703 2460 eam
1728 2426 1773 2460 ob
1796 2437 1981 2469 caussam,
2021 2437 2132 2473 quum
2162 2425 2324 2474 partibus

264 2500 456 2536 succubitis
478 2500 711 2542 destinatum,
734 2498 824 2533 ossis
849 2497 909 2531 ilci
934 2496 1106 2541 suscipiat
1129 2495 1367 2540 provinciam.

409 2569 545 2603 Femur
569 2569 608 2602 in
630 2565 911 2612 configuratione
934 2575 1001 2599 sua
1025 2573 1155 2608 parum
1181 2569 1244 2597 aut
1266 2562 1355 2597 nihil
1380 2562 1560 2610 discrepat
1585 2563 1631 2598 ab
1653 2562 1804 2597 humero
1826 2563 1903 2609 Fig.
1927 2567 1983 2598 21.
2005 2564 2041 2607 d,
2061 2563 2159 2598 idem
2185 2576 2325 2611 quoque

264 2639 310 2674 de
333 2639 420 2673 tibia
443 2643 478 2671 et
501 2638 589 2672 ulna
614 2637 724 2678 valet,
758 2634 821 2670 sed
846 2635 989 2668 minora
1011 2637 1106 2674 sunt,
1131 2633 1325 2671 crassiora,
1362 2631 1561 2678 eademque
1593 2631 1783 2666 validiora.
1814 2652 1862 2657 —
1891 2632 1984 2667 conf.
2016 2632 2047 2667 F
2049 2633 2093 2678 ig.
2119 2636 2153 2667 4.
2184 2633 2272 2668 Tab.
2297 2634 2323 2668 Ι.

264 2708 399 2742 Tarsus
423 2717 506 2741 cum
531 2706 693 2740 ossiculis
719 2703 1040 2744 sesaiiioidalilnis,
1070 2712 1205 2736 novem
1237 2701 1396 2734 continet
1427 2701 1598 2744 ossicula,
1626 2700 1795 2736 humanis
1821 2702 1931 2748 plane
1956 2701 2213 2748 comparanda.
2262 2703 2325 2738 Ex

265 2777 459 2822 digitorum
481 2786 645 2817 numero,
669 2775 826 2821 quinque
851 2772 1050 2817 phalanges
1072 2770 1182 2804 habet
1206 2775 1434 2806 metatarsus.
1463 2790 1510 2796 —
1543 2770 1675 2816 digitus
1710 2769 1847 2817 primus
1881 2776 1917 2805 et
1942 2771 2087 2818 quintus
2110 2782 2239 2814 unam,
2269 2783 2323 2807 se-

264 2845 403 2881 cundus
427 2844 530 2887 duas,
553 2844 677 2878 tertius
701 2848 736 2877 et
759 2847 907 2889 quartus
935 2847 1007 2875 tres
1030 2839 1165 2874 habent
1187 2839 1397 2886 phalanges.
1436 2860 1483 2865 -

412 2913 496 2949 Jam
536 2924 586 2948 ex
626 2912 896 2947 acetabulorum
930 2910 1232 2951 conformatione,
1268 2909 1465 2955 positione,
1502 2915 1610 2956 atque
1641 2908 1916 2943 extremitatum
1948 2908 1995 2942 ad
2032 2914 2200 2944 truncum
2239 2910 2321 2952 situ,

264 2990 447 3032 postremo
480 2993 529 3016 ex
555 2982 827 3017 extremitatum
859 2979 1082 3026 longitudine
1110 2978 1426 3027 proportionaliter
1450 2989 1595 3023 magna,
1630 2978 1798 3013 animalis
1831 2977 2012 3013 incessum
2042 2977 2216 3025 dijudices
2249 2984 2320 3013 tar-

265 3054 352 3090 dum
380 3060 415 3088 ct
436 3052 678 3089 vacillantem.
712 3071 760 3076 —-

1221 3153 1252 3200 ξ.
1308 3157 1361 3188 11.

413 3264 615 3303 Elementa,
640 3263 677 3296 in
704 3261 831 3308 quibus
854 3260 984 3296 vivunt
1009 3260 1193 3301 animalia,
1223 3270 1296 3293 non
1322 3259 1438 3293 solum
1463 3259 1561 3293 vitae
1586 3258 1766 3304 gerendae
1788 3259 2004 3293 constituere
2029 3259 2226 3300 rationem,
2255 3259 2317 3293 sed

269 3335 376 3367 etiam
394 3334 503 3368 totius
523 3333 692 3380 corporis,
717 3332 754 3366 in
779 3331 926 3376 singulis
950 3330 1109 3376 partibus
1133 3329 1206 3363 suis
1230 3328 1426 3367 definitam,
1450 3329 1601 3372 liguram
1625 3334 1660 3362 et
1685 3328 2021 3367 conformationem,
2042 3328 2318 3372 ingeniosissimi

562 3457 675 3489 „valde
698 3466 838 3496 magnas,
863 3457 999 3485 maxime
1018 3455 1259 3493 carlt'lagineus.
1282 3463 1413 3493 quarum
1431 3461 1600 3492 processus
1617 3452 1855 3494 proleudunlur
1876 3457 2055 3484 antrorsum
2086 3457 2120 3484 et
2136 3456 2249 3494 pectus
2272 3455 2318 3483 le-

562 3509 673 3544 ngum,
695 3504 799 3545 ibique
820 3509 892 3534 snut
913 3504 1017 3539 soltlle',
1035 3505 1082 3533 ila
1104 3498 1139 3533 iet
1160 3502 1251 3532 ludat
1270 3502 1355 3532 aller
1379 3511 1478 3541 supra
1502 3501 1617 3531 altro.”
1645 3518 1686 3523 -

417 3564 465 3604 Μ)
489 3563 508 3593 l.
530 3575 555 3593 c.
577 3572 649 3604 pag.
668 3561 718 3594 27.
741 3561 821 3593 Tab.
842 3561 879 3592 Il.

418 3622 466 3661 ⁰⁵)
489 3622 508 3652 l.
530 3633 554 3652 c.
576 3631 647 3662 pag.
670 3620 717 3650 13.
