2574 4123
976 373 1573 423 mmm

242 514 314 547 sere
340 513 593 558 pertinentem,
618 511 819 547 describere
841 509 965 544 debeo.
988 530 1035 534 —-
1060 510 1094 544 ls
1117 519 1249 553 nempe
1272 521 1293 544 a
1316 508 1542 556 processibus
1565 508 1815 545 vertebrarum
1841 509 1980 544 caudae
2004 510 2166 553 priorum
2189 508 2236 555 (ξ.
2255 508 2304 551 7.)

239 583 455 617 transversis
469 581 601 625 prodit,
626 582 738 616 tribus
761 592 841 614 cum
869 580 1057 624 capitibus,
1079 580 1289 623 posteriore,
1317 579 1450 621 medio,
1472 579 1662 613 anteriore.
1714 578 1832 622 Caput
1849 589 2017 623 parvum,
2039 578 2161 620 breve,
2183 585 2303 622 poste-

237 652 310 686 rius
342 651 417 695 Fig.
447 654 500 685 11.
527 652 597 695 (z),
641 651 687 685 ad
718 661 876 684 massam
907 650 997 684 ossis
1037 649 1138 683 ischii
1171 649 1443 694 cartilagineam
1475 646 1529 693 (ξ.
1553 648 1584 684 7.
1619 647 1650 693 ξ.
1683 648 1758 692 10.)
1793 647 1966 691 decurrit,
1999 655 2108 693 caput
2141 648 2303 684 medium

238 721 314 767 Fig.
343 724 429 759 11..‹
434 720 517 767 ests),
551 721 597 755 ad
627 721 759 755 lineam
784 719 931 753 femoris
954 728 1134 763 asperam,
1164 718 1341 753 adductor
1367 723 1438 759 est3
1461 723 1570 762 caput
1595 719 1766 759 anterius,
1790 717 1837 751 ad
1862 719 2069 753 inferiorem
2093 719 2184 754 ossis
2207 719 2302 753 ileo—

236 791 339 834 pubis
364 792 563 836 marginem
589 789 721 836 prodit,
751 788 956 824 subcumbit
982 788 1163 834 glandulis
1186 789 1247 822 ani
1273 788 1349 833 Fig.
1378 791 1431 821 12.
1457 786 1535 833 (yy)
1568 807 1615 811 —

382 861 419 894 111
445 861 556 895 cruris
582 860 694 894 latere
718 859 852 893 dorsali
879 858 941 891 tibi
970 858 1004 891 in
1028 863 1261 902 conspectum
1295 858 1448 893 veniunt
1475 862 1650 891 extensor
1677 857 1871 902 digitorum
1904 859 2106 892 communis
2143 857 2219 903 Fig.
2247 862 2299 893 11.

233 932 318 975 (maj)
351 938 386 964 et
416 930 547 964 tibialis
583 930 740 973 posticus
768 928 842 973 Fig.
874 930 926 961 11.
960 929 1077 970 (ww).
1147 929 1187 962 lu
1221 929 1332 962 latere
1358 927 1529 971 palmari,
1564 928 1680 961 flexor
1713 926 1904 972 digitorum
1940 928 2065 972 longus
2098 929 2300 963 communis

233 1000 307 1044 Fig.
344 1003 397 1034 12.
428 998 500 1043 (ῥρ)
535 1006 570 1033 et
606 999 737 1033 tibialis
767 998 907 1033 anticus
939 994 1062 1042 (d'd').
1123 998 1164 1032 In
1204 998 1297 1043 pede
1331 1004 1366 1031 et
1399 997 1628 1032 lumbricales
1665 997 1951 1044 interosseosque
1986 996 2181 1032 observare
2219 999 2300 1032 licet.

229 1070 421 1104 musculos.

1190 1175 1220 1221 ξ.
1275 1177 1328 1210 16.

375 1280 481 1315 llaud
509 1282 683 1316 concinne
708 1287 828 1316 actum
853 1281 1031 1321 videatur,
1057 1293 1096 1317 os
1124 1282 1282 1327 linguale
1306 1292 1402 1315 nunc
1426 1281 1572 1315 demum
1598 1280 1762 1323 describi,
1786 1280 1847 1315 sed
1874 1281 1990 1325 magis
2013 1291 2122 1325 quum
2146 1281 2191 1314 sit
2221 1290 2296 1313 car-

226 1349 455 1395 tilagineuni,
490 1351 639 1398 ejusque
663 1353 817 1386 musculi
840 1353 984 1391 inserti,
1010 1352 1189 1396 imprimis
1222 1357 1428 1385 accuratam
1458 1352 1643 1394 postulent
1675 1350 1967 1394 descriptionem,
1997 1349 2042 1383 ob
2074 1349 2295 1383 functionem

224 1420 472 1462 respirationis
498 1433 668 1466 gravem,
698 1423 797 1456 locus
828 1421 884 1454 hic
910 1421 1001 1455 ossis
1031 1421 1198 1466 liugualis
1224 1419 1466 1466 designationi
1492 1421 1607 1465 magis
1630 1420 1824 1456 videbatur
1847 1424 2121 1453 consentaneus.
2163 1439 2209 1443 -w
2246 1420 2296 1453 Os

224 1489 397 1533 linguale,
434 1489 531 1535 quod
569 1496 644 1524 tam
681 1492 821 1536 egregie
846 1490 1048 1534 'descripsit
1087 1496 1122 1524 et
1149 1490 1319 1534 depinxit
1359 1491 1405 1524 R.
1442 1490 1592 1524 Towson
1611 1489 1670 1533 ⁶²³)
1712 1489 1935 1524 delineatum
1978 1488 2105 1524 videas
2139 1488 2227 1522 Tab.
2251 1488 2293 1523 11.

222 1558 297 1603 Fig.
325 1558 378 1594 17.
406 1560 555 1604 liguram
584 1560 692 1594 habet
718 1561 977 1604 parabolicam,
1001 1571 1136 1594 cornua
1160 1560 1301 1604 majora
1321 1560 1555 1605 cartilaginea
1578 1560 1742 1594 lateralia
1764 1560 1945 1605 utrimque
1968 1558 2194 1593 accumbunt.
2218 1556 2293 1603 (bb)

221 1629 271 1662 Os
297 1629 434 1672 ipsum,
460 1629 665 1673 parabolice
688 1637 899 1671 curvatum,
928 1640 1117 1675 processus
1144 1629 1252 1664 habet
1278 1630 1418 1663 interne
1444 1636 1632 1668 curvatos,
1655 1631 1691 1664 111
1715 1630 1836 1664 medio
1867 1641 1948 1664 osse
1977 1629 2198 1673 conjunctos,
2225 1629 2293 1674 (d)

219 1708 328 1743 quam
361 1698 406 1732 ob
436 1707 605 1734 'caussam
637 1700 816 1735 foramina
850 1701 940 1734 fiunt
983 1699 1420 1742 accuminato-elliptica,
1461 1700 1673 1745 quibuscum
1713 1712 1752 1733 os
1782 1700 1940 1743 liuguale
1968 1698 2098 1732 fibulae
2131 1699 2291 1733 imitatur

219 1768 380 1811 figuram.
421 1787 467 1791 —

1182 1873 1213 1920 ξ.
1270 1875 1323 1911 17.

367 1979 464 2022 Quos
495 1991 590 2015 nunc
616 1981 836 2023 describam,
878 1982 913 2016 111
945 1987 1028 2017 suut
1066 1981 1235 2016 musculi:
1288 1993 1309 2015 a
1343 1981 1464 2015 media
1490 1981 1643 2015 maxilla
1669 1980 1838 2015 inferiore
1870 1981 1946 2027 Fig.
1974 1984 2027 2015 12.
2053 1994 2075 2015 a
2110 1980 2290 2025 prodeunt

214 2050 368 2084 musculi
399 2050 652 2095 geniohyoidei
684 2051 761 2096 Fig.
786 2054 840 2085 12.
869 2050 929 2089 bb,
963 2050 1009 2084 ad
1041 2061 1175 2084 cornua
1200 2051 1383 2091 lateralia,
1407 2052 1534 2096 quibus
1558 2051 1733 2085 incumbit
1756 2051 1938 2097 utrimque
1960 2052 2145 2086 musculus
2171 2052 2287 2096 mylo—

215 2119 394 2163 liyoideus
417 2119 469 2163 (c)
496 2120 666 2166 (rejectus
688 2127 742 2156 est
768 2120 960 2165 depictus).
985 2140 1032 2144 κ-

358 2189 456 2224 Inter
489 2202 663 2225 cornuum
697 2192 879 2236 majorum
912 2190 1114 2234 marginem
1147 2195 1342 2224 externum
1376 2196 1411 2223 et
1443 2190 1621 2224 maxillae
1650 2189 1829 2223 inferioris
1860 2189 2062 2230 internum,
2102 2192 2287 2226 musculus

214 2264 284 2301 est,
324 2260 384 2305 qui
421 2271 443 2293 a
479 2260 656 2294 maxillae
688 2260 866 2294 inferioris
893 2265 996 2304 parte
1031 2260 1229 2304 posteriore
1265 2260 1312 2294 ad
1338 2271 1450 2294 cornu
1481 2259 1630 2305 majoris
1662 2260 1880 2293 anteriorem
1913 2259 2035 2303 prodit
2073 2261 2287 2305 marginem,

213 2328 289 2374 Fig.
319 2328 373 2364 17.
398 2328 458 2372 dd,
483 2341 590 2376 quem
613 2331 895 2376 ceratoglossum
919 2335 1114 2364 externum
1141 2331 1342 2372 nominavi,
1365 2330 1499 2363 etenim
1526 2330 1688 2363 internus
1712 2329 1743 2363 F
1745 2329 1789 2374 ig.
1817 2331 1870 2362 12.
1894 2329 1972 2372 (ee)
2003 2331 2040 2363 111
2070 2330 2149 2373 ipso
2174 2342 2285 2365 cornu

211 2409 344 2444 magno
371 2404 435 2441 est,
461 2408 575 2444 prope
599 2398 705 2441 hunc,
738 2400 920 2445 utrimque
945 2399 1130 2432 musculus
1149 2399 1248 2443 jacet
1272 2398 1687 2444 byoideo-ypsiloideus
1715 2397 1799 2443 (gg)
1830 2398 1951 2445 prodit
1981 2400 2077 2433 enim
2108 2411 2129 2433 a
2164 2399 2285 2434 medio

211 2482 292 2505 osse
325 2469 475 2515 linguali
504 2480 569 2514 per
594 2468 775 2503 foramina
801 2467 1236 2513 accuminato-elliptica‚
1266 2479 1418 2514 quorum
1454 2473 1562 2502 autea
1587 2468 1811 2501 mentionem
1838 2467 1916 2509 feci,
1939 2468 2034 2502 infra
2057 2470 2285 2515 cartilagines

210 2539 397 2581 sternalos,
420 2537 468 2573 ad
491 2538 710 2582 cartilaginis
735 2537 961 2584 ypsiloideae
988 2537 1113 2577 latera,
1140 2536 1197 2569 hic
1220 2539 1404 2570 musculus
1428 2536 1731 2579 sterno-hyoidei
1765 2541 1800 2570 et
1832 2537 1920 2570 recti
1952 2537 2194 2573 abdominalis
2221 2540 2283 2573 ob-

209 2610 301 2643 tinet
331 2609 462 2643 locum.
525 2608 674 2642 Tou-son
704 2612 871 2641 accurate
903 2617 987 2640 eum
1017 2603 1206 2651 descripsit
1237 2611 1271 2639 et
1296 2605 1481 2651 depinxit,
1514 2604 1601 2638 dum
1636 2604 1682 2638 de
1707 2605 1917 2649 cartilagine
1948 2607 2105 2652 loquitur
2134 2609 2282 2654 ypsiloi-

208 2679 288 2714 dea.
305 2678 366 2723 ⁶9)
399 2698 447 2702 —
471 2677 650 2711 Incumbit
675 2675 1078 2723 byoideo-ypsiloideo,
1102 2677 1286 2713 musculus
1310 2681 1427 2709 rectus
1451 2675 1619 2719 lingualis
1655 2673 1730 2718 Fig.
1758 2676 1809 2707 12.
1832 2672 1904 2720 (s).
1962 2674 2036 2710 Sub
2062 2676 2129 2721 (le)
2160 2679 2195 2712 iu
2222 2691 2281 2714 ea-

209 2748 293 2783 dem
317 2749 442 2793 tigura,
467 2758 507 2782 os
533 2746 691 2790 linguale
712 2745 912 2790 designavi.
950 2765 997 2770 —-

1173 2874 1204 2921 ξ.
1260 2879 1312 2910 18.

355 2982 603 3018 Musculoruni
632 2982 919 3017 abdominalium
950 2982 1022 3017 duo
1048 2981 1251 3016 discernere
1276 2983 1376 3029 potui
1400 2987 1525 3024 strata,
1551 2991 1705 3027 quorum
1734 2982 1845 3017 fibrae
1871 2982 2041 3019 deorsum
2072 2990 2107 3019 et
2132 2997 2276 3022 sursum

206 3054 299 3088 inter
327 3064 365 3088 se
388 3058 634 3087 contexuntur
660 3059 695 3087 et
720 3053 962 3099 implicantur,
989 3053 1039 3086 ita
1067 3058 1104 3087 ut
1127 3051 1269 3086 difficile
1299 3051 1553 3086 tautummodo
1577 3050 1733 3097 disjungi
1758 3055 1914 3099 possint;
1948 3054 2061 3089 fibrae
2093 3061 2275 3093 transver-

208 3135 270 3159 sae
296 3135 360 3170 pro
385 3123 548 3157 musculo
571 3128 801 3165 transverso,
825 3122 1085 3157 descendentes
1112 3133 1177 3169 pro
1201 3121 1637 3168 obliquo—descendente,
1661 3121 1922 3159 adscendentes
1945 3136 2011 3171 pro
2034 3125 2274 3172 obliquo—ad-

207 3191 402 3228 scendente
424 3198 509 3227 sunt
533 3191 815 3233 existimandae,
840 3192 918 3237 Fig.
946 3195 999 3226 12.
1025 3190 1161 3235 (rr-rr),
1185 3192 1390 3226 musculum
1413 3191 1858 3238 hyoideo-ypsiloideum,
1884 3206 1991 3241 quem
2015 3194 2274 3231 adnotavimus
2295 3214 2299 3218 -

206 3260 237 3307 ξ.
270 3260 323 3297 17.
364 3263 452 3296 recti
489 3261 731 3297 abdominalis
769 3262 990 3296 obtinentem
1034 3263 1172 3303 locum,
1211 3261 1509 3296 intercurrentem
1550 3261 1698 3305 videas,
1744 3263 1838 3298 inter
1875 3270 2068 3311 utrumque
2106 3271 2271 3301 stratum.

204 3331 281 3377 Fig.
309 3334 362 3365 12.
400 3330 510 3376 (gg).

351 3399 510 3435 Tantum
539 3400 641 3435 abest
677 3406 715 3435 ut
741 3401 939 3448 perfectam
969 3401 1061 3436 lianc
1090 3402 1298 3437 existimem
1322 3402 1570 3436 musculorum
1595 3401 1885 3449 descriptionem,
1914 3408 1954 3437 ut
1977 3405 2095 3449 potius
2117 3406 2269 3452 ipsemet

202 3471 340 3518 optime
373 3470 554 3519 permulta
584 3470 747 3515 ejusdem
784 3470 982 3516 intelligam
1010 3472 1115 3513 vitia3
1149 3471 1210 3507 sed
1242 3473 1320 3518 quis
1347 3477 1417 3511 est,
1445 3472 1504 3517 qui
1530 3472 1581 3506 rei
1605 3472 1711 3518 hujus
1734 3483 1805 3507 non
1830 3473 2006 3518 intelligat
2032 3474 2267 3510 subtilitatem

2233 3553 2268 3580 et

355 3587 404 3626 ⁶⁸)
432 3587 452 3617 l.
481 3599 506 3617 c..

356 3646 404 3685 ⁶⁹)
426 3647 497 3677 vide
519 3656 612 3685 supra
632 3649 659 3685 ξ.
681 3648 728 3676 io.
