2574 4123
1291 360 1321 413 5

280 493 427 529 drarum
464 496 710 541 aquaticarum
734 497 937 531 coeuntium
962 497 1155 541 gestierint.
1177 496 1235 541 ⁴⁶)
1286 497 1386 532 Tunc
1409 499 1581 544 temporis
1605 504 1726 533 autem
1750 498 1826 532 fieri
1849 498 1993 534 videtur
2015 501 2146 543 coitus,
2175 501 2204 534 si
2227 499 2336 535 ovula

282 574 331 597 ex
361 566 544 611 superiore
573 564 764 600 oviductus
786 567 932 611 regione
953 567 989 599 in
1019 566 1244 608 inferiorem,
1277 578 1384 613 quam
1408 568 1538 601 merito
1564 568 1680 602 Carus
1704 573 1846 602 uterum
1868 569 2032 603 nominat
2050 568 2109 614 ⁴⁷)
2143 568 2338 603 descende-

281 634 362 668 rint.
417 633 667 669 G›·m.·enhorst
690 635 861 669 nimirum
893 634 951 668 die
973 633 1103 669 xxm.
1126 646 1240 670 mens.
1263 635 1345 670 Jun.
1369 637 1567 671 foeminam
1590 637 1730 672 invenit
1762 647 1871 682 quam
1901 636 2088 680 dissecuit,
2118 639 2218 684 quus
2246 639 2338 673 uteri

281 704 392 738 ovula
414 708 558 737 matura
579 703 643 738 sed
665 704 826 739 nondum
850 703 1067 738 foecundata
1092 705 1354 740 continuerunt.
1375 704 1434 750 4⁸)
1484 705 1586 740 Idem
1610 705 1668 740 die
1689 706 1748 740 ΠΙ.
1766 717 1879 741 mens.
1898 706 2017 741 Octbr.
2033 706 2148 742 foetus
2172 713 2208 741 et
2229 709 2339 742 ovula

283 772 450 807 diversae
466 773 693 815 evolutionis,
711 772 806 819 quod
823 772 870 807 ad
886 773 1116 820 perfectionis
1132 773 1272 808 adtinet
1288 774 1451 820 gradum,
1465 775 1616 818 invenit,
1632 775 1729 810 idem
1748 775 1915 823 equidem
1931 775 2136 818 observavi,
2155 776 2339 811 mensibus

283 840 500 887 Septembr:,
524 841 661 884 Octbr:‚
684 841 835 884 Novbr:,
858 841 1066 884 Decembr:‚
1089 842 1205 885 Janrz,
1228 842 1351 886 Febrz,
1374 845 1485 880 ovula
1499 845 1612 879 immo
1628 844 1792 879 nondum
1807 844 2026 879 foecundata
2042 845 2177 887 inveni,
2192 845 2288 891 quod
2303 846 2340 879 in

282 909 370 944 Tab.
386 910 446 944 ΠΙ.
463 911 493 944 F
495 911 538 956 ig.
558 914 612 954 11,
627 911 789 957 depinxi,
804 922 929 945 mense
944 911 1128 954 Januario,
1145 913 1182 946 in
1199 913 1383 959 superiore
1404 913 1594 949 oviductus
1615 919 1693 948 erat
1707 915 1863 960 regione.
1902 913 1969 949 Cui
1991 914 2127 949 accedit
2149 914 2277 957 adhuc,
2301 921 2341 949 ut

287 979 540 1016 Gravenhorst
567 991 691 1015 mense
713 979 820 1015 Junio
850 980 1041 1026 gravidam
1062 982 1249 1028 reperierit
1270 983 1479 1026 foeminam,
1500 982 1559 1027 49)
1591 994 1683 1030 quae
1705 983 1793 1017 mihi
1816 983 2066 1018 demonstrare
2087 983 2251 1027 videtur,
2283 995 2342 1019 su-

282 1050 661 1096 perfoeclmdationem
687 1060 765 1085 esse
787 1051 824 1084 in
847 1050 1115 1094 Salamandris,
1144 1057 1179 1085 et
1201 1053 1312 1087 ovula
1341 1053 1494 1088 fortasse
1525 1053 1644 1088 01111115
1671 1054 1830 1096 evoluta,
1859 1052 2059 1088 dummodo
2081 1052 2203 1089 adsint
2223 1053 2341 1089 foetus

282 1120 390 1166 plane
411 1119 558 1161 exculti,
581 1125 753 1166 sequente
775 1130 871 1154 anno
894 1120 1078 1155 excubari.

432 1186 674 1234 Quaecunque
705 1188 885 1231 diximus,
918 1188 1098 1224 affirmare
1127 1190 1315 1234 videntur,
1348 1198 1388 1226 ut
1410 1187 1571 1226 1111011110
1589 1193 1702 1228 coitus
1733 1192 1780 1226 sit
1807 1197 1973 1226 30010310
1998 1191 2186 1227 distinctus
2219 1197 2255 1225 et
2280 1203 2343 1226 no-

281 1264 349 1292 tus.
372 1277 420 1282 —-—
470 1256 575 1298 Quod
597 1257 644 1292 ad
666 1269 859 1292 numerum
881 1258 1020 1293 adtinet
1042 1259 1286 1304 cordylorum,
1304 1261 1540 1308 lllaupertm‘s
1562 1262 1675 1296 semel
1698 1267 1851 1307 quatuor
1873 1267 1910 1295 et
1931 1262 2189 1308 quinquaginta
2210 1260 2268 1306 ⁵0)
2292 1262 2344 1295 in-

281 1328 398 1369 venit,
433 1326 685 1361 Gravenhorst
706 1327 872 1363 undecim
894 1329 932 1363 in
957 1339 1047 1371 uno,
1078 1328 1250 1364 tredecim
1279 1331 1317 1364 111
1347 1331 1418 1364 3110
1442 1335 1544 1365 utero
1567 1331 1701 1377 reperit
1720 1330 1858 1373 foetus,
1876 1329 1935 1374 ⁵¹)
1967 1330 2160 1376 qummm
2192 1335 2346 1376 quatuor

282 1402 318 1431 et
339 1397 501 1442 triginta,
518 1395 577 1441 ⁵2)
609 1396 776 1443 equidem
801 1408 871 1432 sex
902 1403 938 1432 et
958 1399 1106 1444 triginta
1127 1398 1175 1433 ad
1197 1398 1436 1445 quadraginta
1460 1411 1583 1446 usque,
1606 1411 1749 1447 semper
1770 1399 1845 1434 fere
1867 1400 2002 1435 inveni.
2035 1420 2083 1425 ——
2132 1400 2198 1435 Est
2223 1400 2345 1447 itaque

283 1477 455 1501 numerus
479 1477 502 1500 a
527 1470 680 1512 quatuor
703 1472 738 1501 et
762 1468 901 1512 viginti,
924 1467 971 1502 ad
995 1473 1148 1514 quatuor
1170 1474 1205 1502 et
1228 1469 1487 1514 quinquaginta
1509 1480 1632 1515 usque.
1655 1489 1703 1494 —-

429 1534 650 1569 Monachum
673 1536 872 1582 quendam,
898 1536 1101 1580 Julae'mmm,
1126 1536 1262 1572 ordinis
1289 1539 1343 1572 St.
1365 1538 1576 1581 Benedicta,
1602 1550 1716 1573 verno
1742 1544 1906 1585 tempore
1930 1539 2128 1573 foeminam
2155 1539 2345 1574 Salaman-

282 1604 369 1639 drae
392 1604 581 1651 paululum
607 1611 692 1638 ante
714 1610 859 1651 partum
882 1606 921 1640 in
947 1617 1042 1653 aqua
1064 1607 1252 1653 reperisse,
1275 1613 1422 1642 enarrat
1446 1609 1504 1644 vir
1526 1607 1775 1642 nobilissimus
1800 1608 1840 1641 la
1867 1607 2018 1654 Cepede.
2040 1607 2100 1651 ⁵3)

430 1672 581 1708 Coelum
605 1684 784 1715 serenum,
806 1685 962 1709 vermun
985 1676 1154 1717 calorem,
1178 1687 1409 1723 summopere
1434 1676 1627 1712 variabilia
1649 1677 1688 1711 in
1710 1677 1856 1719 coitum,
1890 1682 2036 1723 partiun
2058 1682 2123 1711 etc.
2150 1687 2343 1719 summam,

270 1738 559 1789 ‘maximamque
581 1741 715 1777 habere
739 1744 830 1787 vim,
854 1745 942 1779 satis
976 1744 1211 1779 manifestiun
1243 1751 1308 1780 est.
1365 1745 1408 1779 In
1435 1746 1598 1780 cubiculo
1631 1757 1713 1780 meo
1743 1745 1801 1780 die
1825 1745 1989 1780 XXVIII.
2021 1746 2156 1780 mensis
2183 1744 2346 1780 Januarii

282 1813 422 1859 peperit
449 1817 577 1858 sponte
600 1822 667 1846 sua
688 1812 848 1846 foemina
870 1813 907 1847 in
930 1824 1020 1848 vase
1042 1825 1167 1848 musco
1192 1815 1342 1860 impleto
1367 1814 1535 1858 cordylos
1561 1824 1631 1848 sex
1663 1820 1698 1848 et
1727 1814 1890 1859 triginta,
1923 1825 2097 1860 quorum,
2132 1825 2242 1860 quum
2272 1826 2347 1848 non

282 1882 468 1923 adessem,
506 1886 585 1915 octo
614 1887 650 1914 et
680 1881 809 1926 viginti
838 1882 1061 1916 interierunt.
1119 1881 1209 1917 Octo
1234 1882 1488 1917 tantummodo
1516 1883 1555 1918 in
1578 1894 1673 1929 aqua
1697 1895 1762 1930 per
1787 1883 1879 1918 duos
1904 1883 1979 1918 fere
2005 1884 2222 1918 conservavi
2246 1894 2346 1918 men-

283 1964 351 1994 ses,
375 1949 519 1986 vividos
543 1955 580 1983 et
603 1950 709 1984 firma
733 1950 934 1985 valitudine
956 1951 1165 1996 gaudentes.

428 2018 629 2054 Branchiae
663 2025 699 2053 et
730 2020 873 2054 interna
905 2025 1100 2062 structura,
1131 2032 1220 2066 quas
1246 2020 1391 2066 quidem
1414 2026 1491 2053 tam
1516 2021 1656 2064 egregie
1681 2020 1917 2065 investigavit
1949 2021 2005 2056 vir
2034 2020 2226 2068 perdoctus
2251 2021 2346 2056 Rus-

282 2090 370 2125 com'
389 2088 448 2136 ⁵⁴)
483 2089 570 2123 satis
592 2088 785 2122 manifeste
810 2089 1001 2123 ostendere
1025 2088 1213 2130 videntur,
1244 2087 1433 2132 cordylos,
1464 2088 1592 2122 Proteo
1615 2093 1652 2122 et
1672 2088 1790 2123 Sireni
1815 2089 2011 2125 lacertinae
2044 2101 2154 2136 quam
2179 2091 2345 2125 maxime

283 2158 419 2201 affines,
443 2159 481 2192 in
511 2169 606 2204 aqua
628 2157 883 2192 tantummodo
914 2158 1041 2194 vivere
1070 2169 1196 2205 posse,
1236 2168 1345 2204 quam
1376 2157 1422 2192 ob
1453 2168 1602 2192 causam
1631 2157 1938 2204 comprehendere
1965 2170 2040 2194 non
2062 2170 2223 2206 possum,
2260 2170 2346 2206 quo-

281 2228 391 2263 modo
420 2228 477 2264 vir
501 2227 754 2262 'celeberrimus
777 2227 954 2262 Lam-eme
977 2227 1044 2262 has
1065 2228 1103 2262 in
1127 2227 1278 2262 dubium
1302 2226 1446 2261 trahere
1469 2227 1637 2273 potuerit,
1660 2226 1720 2271 ⁵⁵)
1750 2227 1802 2261 ita
1825 2233 1864 2261 ut
1888 2227 2079 2263 branchias
2107 2239 2255 2276 prorsus
2286 2240 2347 2263 110-

284 2298 433 2344 gaverit.
492 2296 535 2330 Ι11
564 2297 643 2343 ipso
675 2297 751 2342 ejus
782 2297 922 2339 libello,
950 2298 1114 2343 perlegas
1139 2302 1351 2342 argumenta
1377 2296 1547 2342 ambigua
1582 2302 1617 2330 et
1642 2297 1812 2343 ancipita,
1843 2308 1935 2343 quae
1959 2296 2091 2332 Nestor
2112 2302 2235 2332 noster
2258 2298 2347 2332 Blu-

282 2365 471 2408 menbacla,
495 2371 691 2412 antequam
707 2367 768 2399 ille
783 2367 962 2412 provenit,
981 2367 1062 2409 jam
1084 2365 1223 2399 dudum
1245 2366 1419 2399 refutavit
1436 2364 1506 2407 ⁵⁶).
1532 2386 1579 2389 —-
1601 2365 1701 2399 Haec
1723 2365 1901 2399 sufficiant
1923 2365 1968 2399 de
1991 2367 2067 2400 vita
2083 2365 2347 2401 Salamandrae

284 2435 473 2477 terrestris,
498 2445 608 2480 quam
631 2444 800 2468 enarrare
825 2444 898 2467 non
922 2434 1160 2475 ommisimus,
1185 2439 1225 2468 ut
1249 2433 1446 2476 anatomia,
1470 2433 1697 2480 physiologia
1731 2439 1767 2467 et
1797 2434 1957 2468 evolutio
1985 2434 2114 2469 melius
2138 2440 2174 2468 et
2198 2446 2346 2470 accura-

282 2506 353 2539 tius
382 2504 638 2547 intelligantur.
679 2522 726 2527 —-

433 2644 481 2684 ⁴⁶)
500 2643 576 2675 ibid.
605 2655 677 2685 pag.
697 2643 748 2677 27.

434 2702 484 2742 ⁸²⁷)
509 2702 611 2733 Carus·
630 2701 767 2733 Dresdn.
786 2699 964 2731 Zestschrist
986 2699 1026 2737 l.,
1052 2701 1078 2729 1.
1103 2699 1170 2729 138.

435 2760 483 2801 ⁴⁵)
506 2760 581 2790 ibid.
611 2770 683 2801 pag.
704 2758 754 2792 27.

434 2818 482 2859 ⁴¹⁹)
505 2818 580 2849 ibid.
610 2828 681 2859 pag.
703 2817 753 2850 27.

433 2877 481 2917 ⁵⁰)
503 2876 523 2907 l.
545 2888 571 2907 c.
601 2887 672 2918 pag.
696 2877 726 2907 8.

433 2935 522 2975 51)1.
546 2947 572 2966 0.
602 2946 675 2977 pag.
695 2934 746 2969 71.

433 2993 481 3033 52)
509 2994 570 3024 vid.
596 2994 716 3035 Ole'ger.
734 2992 928 3024 Jacobaeum
948 2992 969 3024 l.
989 3004 1014 3023 c.
1037 3003 1107 3034 pag.
1126 2992 1176 3023 24.

433 3051 481 3092 ⁵²)
508 3050 726 3083 Gravenlcorst
750 3051 771 3082 l.
794 3062 820 3083 c.
839 3061 911 3093 pag.
931 3051 981 3086 27.

433 3110 481 3150 Η)
514 3109 534 3140 l.
563 3120 589 3140 c.

433 3168 481 3208 55)
513 3168 533 3198 l.
556 3179 582 3198 c.
612 3177 684 3209 pag.
708 3167 853 3198 19—22.

435 3227 482 3266 Μ)
511 3226 676 3268 Specimen
697 3225 914 3268 physiologiae
937 3234 1133 3268 comparatae
1156 3227 1335 3260 animalium
1354 3227 1445 3259 calidi
1472 3233 1503 3258 et
1524 3227 1628 3270 frigidi
1646 3229 1808 3271 sanguinis
1831 3238 1902 3269 pag.
1923 3226 1972 3258 34.
