2574 4123
1230 373 1296 425 58

934 511 1091 565 Figura
1121 511 1327 552 vicesima
1358 510 1538 563 septima
1567 512 1593 550 «ἰ.

226 629 354 671 Cordyli
376 629 434 660 sub
454 628 522 670 Fig.
547 626 685 659 XXVII.
709 638 729 658 a
753 626 908 667 designati
930 624 1059 655 exhibet
1080 634 1171 654 renes
1191 623 1371 655 albicantes.

944 748 1102 804 Figura
1130 748 1336 789 vicesima
1367 754 1516 788 octava
1546 763 1585 788 α.

227 868 396 909 Cordylum
416 873 547 910 quatuor
566 864 770 896 hebdomadis
791 865 944 905 majorem
966 867 1181 905 repraesentat
1201 873 1220 892 a
1237 860 1336 893 latere
1359 860 1474 892 dorsali
1497 860 1669 902 depictum,
1699 858 1864 890 branchias
1882 859 1950 898 jam
1971 858 2110 888 minores
2130 855 2290 886 observes-

935 988 1096 1044 Figura
1124 988 1331 1029 vicesima
1360 993 1512 1027 octava
1543 986 1579 1026 b.

226 1106 375 1147 Ejusdem
397 1103 534 1137 ostendit
555 1109 686 1134 tractum
709 1101 920 1134 intestinalem
940 1102 1091 1139 volutum,
1113 1099 1227 1132 lienem
1244 1100 1312 1141 jam
1331 1100 1432 1141 magis
1452 1098 1622 1136 excultum,
1641 1098 1739 1140 hepar
1761 1095 1890 1128 vasibus
1910 1094 2085 1126 suffectum.

943 1226 1103 1281 Figura
1132 1227 1339 1268 vicesima
1369 1232 1518 1266 octava
1556 1239 1591 1264 c.

226 1345 376 1385 Ejusdem
394 1348 609 1384 repraesentat
621 1352 724 1378 renes,
744 1342 777 1371 in
792 1340 904 1383 quibus
920 1342 988 1381 jam
1009 1350 1211 1382 progressum
1230 1339 1381 1371 observes
1400 1339 1427 1369 si
1448 1349 1518 1370 cum
1541 1337 1603 1369 illis
1624 1346 1797 1379 compares,
1817 1336 1869 1378 qui
1883 1332 1941 1365 sub
1964 1331 2024 1364 No.
2045 1328 2184 1362 XXVII.
2207 1332 2222 1360 i
2239 1340 2293 1360 an-

374 1406 425 1429 tea
441 1398 672 1427 commemorati
692 1403 774 1427 sunt.

988 1520 1148 1575 Figura
1186 1521 1530 1561 undetricesima.

225 1638 337 1668 Partus
359 1635 488 1666 secundi
515 1633 645 1666 exhibet
669 1633 843 1673 cordylum,
863 1644 881 1663 a
901 1633 999 1665 latere
1021 1634 1137 1666 dorsali
1161 1633 1359 1665 delineatum.

1044 1759 1204 1814 Figura
1241 1760 1471 1800 tricesima.

224 1875 337 1905 Partus
359 1874 442 1904 tertii
463 1872 600 1904 ostendit
622 1871 782 1913 cordylum
806 1873 917 1904 eodem
939 1872 1033 1904 modo
1055 1872 1222 1914 depictum,

933 1997 1093 2052 Figura
1121 1998 1340 2039 tricesima
1369 1996 1508 2050 prima
1541 2010 1582 2036 a.

227 2114 338 2144 Partus
356 2114 446 2154 primi
463 2112 622 2151 cordylum
644 2123 663 2142 a
685 2111 783 2142 latere
800 2110 991 2142 abdominali
1007 2110 1175 2142 dissectum
1197 2111 1399 2147 demonstrat,
1414 2111 1483 2150 jam
1504 2109 1668 2150 pulmones
1692 2108 1724 2136 in
1745 2111 1945 2147 conspectum
1966 2105 2105 2137 veniunt,
2127 2100 2182 2131 sed
2202 2099 2294 2130 brau-

375 2167 515 2198 chiffl-um
535 2166 676 2197 fasciculi
687 2168 757 2207 jam
785 2166 953 2197 admodum
975 2173 1048 2197 sunt
1068 2166 1189 2204 caduci,
1210 2167 1244 2197 in
1266 2164 1380 2207 hepate
1401 2174 1483 2195 vena
1508 2170 1667 2205 portarum
1687 2161 1838 2203 imprimis
1867 2166 1915 2190 est
1935 2156 2151 2193 discernenda,
2179 2161 2295 2186 tractus

376 2220 562 2251 intestinalis
581 2232 709 2263 prorsus
733 2227 780 2252 est
802 2219 956 2251 excultus.
999 2254 1005 2259 ⁴

928 2344 1088 2399 Figura
1116 2345 1334 2386 tricesima
1363 2345 1503 2397 prima
1532 2344 1570 2383 b.

227 2459 378 2500 Ejusdem
398 2459 492 2489 stadii
517 2455 706 2489 evolationis
728 2464 943 2499 repraesentat
967 2457 1138 2498 cordylum,
1159 2468 1253 2500 quem
1273 2457 1369 2499 longe
1394 2457 1548 2497 majorem
1570 2460 1662 2496 atque
1687 2451 1870 2483 validiorem
1894 2450 2079 2492 conspicias,
2103 2449 2131 2478 si
2152 2457 2220 2479 cum
2243 2445 2296 2477 illo

377 2512 583 2555 comparabis,
606 2522 697 2553 quem
720 2513 753 2542 in
772 2512 797 2542 F
800 2514 841 2553 ig.
864 2511 1004 2544 XXVII.
1028 2525 1048 2544 a
1068 2513 1311 2554 designavimus.

951 2637 1111 2692 Figura
1139 2639 1358 2679 tricesima
1387 2634 1585 2677 secunda.

230 2752 398 2793 Cordylum
418 2752 508 2791 primi
530 2757 636 2791 partus
657 2750 787 2781 exhibet
807 2752 876 2781 sine
896 2751 1065 2787 branchiis,
1085 2763 1154 2782 cum
1177 2749 1378 2793 pulmonibus
1401 2759 1529 2791 prorsus
1552 2746 1698 2781 excultis,
1719 2745 1844 2786 hepate,
1865 2748 2024 2783 tractuque
2046 2738 2217 2770 intestiuali
2233 2737 2298 2779 pla-

379 2816 419 2835 ne
442 2803 585 2841 evolutis,
607 2806 650 2834 ita
675 2812 707 2834 ut
725 2815 878 2835 summum
900 2806 964 2836 fere
984 2806 1174 2836 evolutionis
1197 2805 1401 2847 capessiverit
1424 2803 1566 2844 gradum,
1587 2812 1659 2831 nam
1681 2807 1712 2832 et
1733 2797 1914 2831 membrana
1934 2797 2088 2827 natatoria
2102 2794 2219 2827 caudae
2230 2794 2297 2833 jam

378 2859 543 2889 admodum
567 2865 728 2890 attenuata
750 2866 807 2896 est,
830 2870 909 2902 quae
934 2861 1061 2891 omnino
1082 2867 1241 2902 postremo
1263 2857 1462 2891 obsolescere
1484 2858 1615 2888 videtur.
