2574 4123
1253 370 1282 421 ,4
1355 397 1550 416 m

234 512 406 547 nimirum
428 510 567 544 malum
592 514 628 543 et
649 519 874 556 perversum,
897 518 1008 553 quum
1028 505 1186 541 Tritonis
1208 517 1360 548 nomen,
1392 510 1432 539 ut
1453 504 1620 540 Merv-em
1643 510 1740 540 recte
1764 504 1964 547 admonuit,
1995 504 2057 539 alii
2079 505 2298 542 animalculo

227 582 306 626 jam
330 579 457 615 datum
480 578 550 614 sit?
571 598 619 603 —
641 578 753 613 Dedit
775 583 898 613 autem
920 577 1033 619 nulla,
1054 587 1171 623 neque
1187 574 1494 623 comprehendere
1517 586 1678 622 possum,
1701 575 1883 621 quomodo
1905 576 2018 609 immo
2042 575 2180 622 optima
2202 587 2298 611 com-

232 650 366 697 pendia
387 656 463 684 tam
487 660 698 695 perversam
723 654 758 682 et
782 652 994 692 arroganter
1016 645 1286 693 quodammodo
1310 646 1446 681 factam
1476 644 1766 679 distributionem
1791 645 1892 691 sequi
1913 645 2062 691 possint.
2114 643 2298 686 Quantum

231 725 456 767 compertum
482 718 610 759 habeo,
635 717 839 752 Schneider
863 716 989 751 unicus
1014 721 1069 751 est
1090 716 1151 763 qui
1172 716 1281 751 istam
1304 715 1582 763 perversitatem
1604 725 1678 749 non
1701 715 1820 749 solum
1842 714 2076 757 intellexerit,
2100 714 2165 749 sed
2189 715 2299 749 etiam

231 791 330 824 omni
348 790 431 834 jure
453 787 685 823 refutaverit:

431 858 528 901 „His
557 857 674 902 figitur
705 859 823 890 motus
845 855 983 898 causele,
1015 855 1118 899 dicit,
1151 855 1425 891 Salamcmdras
1446 856 1582 890 iterum
1611 854 1817 890 Tritonibus
1841 854 2038 889 ‹es-sosimas
2062 854 2245 900 conjunxi
2264 859 2300 889 et

431 927 632 970 „continuo
656 938 779 961 omnes
802 926 941 973 species
963 925 1036 960 sne’s
1062 926 1156 961 notis
1177 926 1376 961 deste’nctas
1400 925 1586 973 descripsi.
1596 932 1613 944 ”
1633 924 1694 969 33)

382 996 571 1040 Quaenam
596 1002 718 1032 autem
741 1001 826 1031 sunt
848 996 1004 1030 causae?
1025 1015 1073 1020 —
1098 996 1219 1031 Primo
1245 996 1374 1031 eadem
1397 996 1560 1030 omnium
1585 1005 1804 1040 organorum
1827 993 1988 1029 evolutio
2011 999 2047 1028 et
2068 993 2223 1037 fabrica3
2247 1004 2301 1028 se-

232 1067 368 1110 cundo,
400 1066 529 1101 eadem
553 1067 652 1102 vitae
676 1065 857 1112 gerendae
880 1064 1122 1109 conditiones,
1151 1066 1293 1101 nullum
1319 1066 1417 1100 enim
1446 1071 1500 1100 est
1525 1064 1738 1107 discrimen,
1770 1064 1955 1110 aquaticas
1983 1063 2035 1098 sic
2062 1062 2178 1097 dictas
2199 1062 2301 1097 Sala-

231 1137 404 1173 mandras
426 1137 463 1171 in
486 1148 581 1183 aqua
603 1137 741 1180 vivere,
763 1141 950 1170 terrestres
974 1143 1096 1170 autem
1122 1135 1160 1169 in
1181 1141 1277 1170 terra
1302 1136 1363 1171 vel
1385 1136 1490 1171 sicco.
1541 1135 1605 1170 Da
1628 1135 1714 1181 Fay
1738 1138 1884 1168 enarrat
1900 1130 1960 1178 ³9)
1989 1144 2029 1168 se
2056 1145 2122 1180 per
2146 1143 2302 1173 menses,

232 1213 416 1242 terrestres
443 1218 679 1242 conservasse
702 1204 964 1241 Salamandras
988 1206 1026 1240 in
1051 1217 1163 1252 aqua,
1195 1217 1305 1252 quam
1335 1205 1482 1253 quidem
1510 1205 1655 1252 saepius
1679 1204 1960 1251 permutaverit,
1991 1208 2026 1237 et
2055 1203 2134 1249 quis
2159 1207 2214 1236 est
2242 1202 2302 1248 qui

231 1277 378 1319 nesciat,
401 1277 586 1322 aquaticas
608 1275 871 1311 Salamandras
897 1282 933 1309 et
954 1276 992 1310 in
1014 1281 1111 1310 terra
1133 1276 1271 1319 vivere,
1302 1281 1387 1311 sunt
1409 1277 1484 1310 imo
1509 1286 1666 1318 menses,
1695 1274 1824 1321 quibus
1848 1273 1965 1309 rarius
1987 1270 2242 1307 tantummodo
2265 1272 2303 1305 in

231 1347 334 1393 aquis
357 1346 603 1381 inveniuntur.
653 1344 848 1392 Utriusque
872 1351 996 1380 autem
1020 1345 1286 1380 nutrimentum
1310 1345 1409 1380 idem
1435 1357 1527 1388 esse,
1550 1355 1849 1386 commemorare,
1875 1353 2190 1390 supervacaneum
2214 1340 2304 1375 mihi

229 1415 384 1451 videtur.
406 1435 456 1441 —-
503 1414 643 1457 Tertio,
673 1415 961 1462 physiologicam
994 1415 1129 1449 seimus
1162 1415 1297 1461 legem,
1326 1425 1377 1449 ex
1410 1426 1481 1462 qua
1514 1415 1630 1449 altera
1663 1414 1782 1449 forma
1811 1413 1982 1459 organica
2005 1424 2088 1447 cum
2116 1412 2231 1446 altera
2252 1411 2303 1444 ita

229 1496 399 1521 connexa
422 1491 477 1520 est
498 1491 535 1519 et
555 1485 758 1530 conjuncta,
789 1490 830 1519 ut
856 1484 956 1519 idem
979 1485 1198 1520 evolutionis
1220 1484 1353 1519 modus
1377 1485 1416 1519 in
1440 1491 1593 1531 utraque
1617 1484 1665 1519 sit
1691 1482 1958 1529 intelligendus,
1991 1483 2062 1525 vel,
2094 1486 2134 1515 ut
2158 1491 2304 1515 accura—

230 1556 300 1590 tius
323 1555 461 1599 dicam,
491 1555 611 1590 forma
633 1555 765 1597 altera,
799 1553 915 1589 alterii
936 1560 990 1589 est
1010 1554 1170 1589 inferior.
1220 1555 1475 1602 Morphologia
1495 1556 1618 1601 itaque
1641 1553 1927 1596 demonstravit,
1958 1552 2145 1599 aquaticas
2167 1551 2305 1585 formas

229 1625 457 1660 terrestribus
477 1637 555 1660 esse
570 1625 775 1667 inferiores3
797 1635 909 1670 quum
933 1624 1136 1667 humidum,
1152 1626 1272 1660 solum
1289 1626 1446 1660 sciamus
1465 1624 1582 1660 vividi
1598 1625 1716 1659 omnis
1732 1629 1940 1659 maternum
1962 1620 2233 1669 quodammodo
2245 1618 2305 1664 40)

228 1694 327 1742 quod
350 1694 496 1742 quidem
518 1695 589 1730 illis
614 1706 767 1741 quoque,
791 1705 884 1741 quae
912 1695 1102 1740 geognosis
1123 1694 1284 1737 exhibet,
1305 1694 1511 1729 declaratur
1535 1694 1651 1728 factis.
1702 1692 1804 1734 Quae
1828 1703 1939 1739 quum
1961 1692 2013 1726 ita
2037 1691 2120 1733 sint,
2135 1689 2305 1726 videmus

228 1766 376 1811 insuper
398 1764 566 1808 cordylos
590 1763 856 1799 Salamandrae
880 1765 1059 1799 terrestris
1084 1764 1243 1799 sormam
1265 1764 1398 1799 habere
1422 1765 1611 1811 aquaticae
1634 1768 1670 1797 et
1691 1763 1731 1796 in
1745 1773 1841 1809 aqua
1862 1761 2002 1803 vivere,
2025 1772 2134 1807 quam
2156 1772 2305 1808 perver-

229 1846 310 1869 sum
332 1835 454 1880 itaque
477 1839 532 1868 est
553 1838 590 1867 et
609 1833 786 1879 ineptiun,
808 1834 903 1867 inter
924 1839 1118 1879 utramque
1140 1845 1275 1880 ponere
1298 1834 1515 1869 discrimen}
1528 1853 1578 1858 -
1621 1831 1768 1875 Quarto.
1799 1829 1938 1873 Quodsi
1960 1830 2049 1864 haec
2067 1830 2306 1865 distribuendi

230 1910 266 1938 et
289 1903 481 1939 dividendi
501 1903 626 1939 valeat
647 1904 751 1945 ratio,
780 1902 981 1938 testudines
1007 1903 1169 1938 marinas
1194 1914 1217 1937 a
1238 1903 1467 1938 terrestribus
1489 1902 1687 1948 disjungas,
1712 1906 1749 1934 et
1778 1901 2068 1948 Gypogermmm
2092 1899 2306 1946 afi·z‘cmmm

231 1974 277 2009 ab
302 1973 432 2009 avibus
457 1973 680 2019 raptatoriis3
704 1972 768 2008 sed
792 1974 871 2020 quis
895 1979 950 2007 est
974 1974 1034 2019 qui
1059 1984 1133 2007 non
1158 1973 1337 2018 intelligat
1359 1973 1426 2007 hoc
1449 1983 1663 2020 perversum
1688 1982 1766 2006 esse
1789 1976 1825 2004 et
1848 1971 2114 2004 inconcinnum.
2139 1989 2188 1995 —-

377 2042 444 2078 His
470 2041 692 2087 argumentis
714 2042 847 2076 nostris
869 2043 1074 2087 propositis,
1096 2053 1170 2076 11011
1193 2042 1422 2085 dubitamus,
1454 2043 1541 2089 quin
1563 2040 1826 2076 Salamandras
1851 2046 2040 2075 terrestres
2063 2045 2099 2073 et
2121 2040 2306 2086 aquaticas

230 2115 324 2149 inter
347 2125 385 2148 se
407 2112 618 2157 conjunctas
642 2117 678 2145 et
699 2111 897 2146 associatas
921 2110 1274 2146 consideremus·—

379 2182 547 2218 Mers—em
566 2179 626 2226 41)
652 2182 712 2228 qui
730 2186 891 2215 ceterum
914 2180 1101 2215 Laurenti
1121 2187 1294 2228 sequutus
1316 2186 1372 2216 est
1386 2180 1624 2224 divisionem,
1646 2181 1699 2214 ita
1720 2178 2003 2214 Salamandram
2029 2178 2209 2214 describit.

380 2250 665 2296 „Salamandra
688 2250 893 2294 maculata,
918 2256 1002 2286 cute
1026 2263 1179 2296 rugosa,
1196 2264 1362 2299 porrosa
1382 2251 1637 2294 verruculosa,
1663 2250 1787 2285 cauda
1812 2249 2033 2284 dodrantali
2054 2250 2168 2284 tereti
2191 2250 2307 2283 Trun-

231 2335 294 2359 cus
319 2328 356 2357 et
379 2321 505 2357 cauda
530 2320 801 2368 cylindrz‘aca.”

379 2390 646 2425 Salamandrae
669 2392 749 2424 loca
771 2390 939 2432 humida,
976 2403 1090 2437 opaca
1113 2391 1268 2436 diligunt
1297 2393 1335 2425 in
1358 2392 1560 2425 nemorosis
1585 2389 1754 2432 saltibus;
1787 2390 1824 2423 111
1851 2389 1952 2423 rimis
1982 2388 2206 2435 rupestribus
2238 2394 2308 2422 ter-

230 2464 302 2498 tiae
325 2463 539 2509 plerumque
561 2460 790 2495 formationis
820 2460 1090 2507 geognosticae,
1116 2460 1183 2495 sub
1206 2460 1396 2495 frondibus
1422 2466 1458 2494 et
1486 2459 1620 2494 muscis
1652 2457 1789 2504 degunt
1815 2459 1941 2493 vitam.
2000 2458 2198 2492 Rarissime
2228 2464 2308 2493 tan-

230 2529 422 2569 tummodo
444 2531 482 2563 in
506 2529 656 2576 planitie
681 2529 929 2563 inveniuntur.
982 2530 1242 2575 Iwabm'm'us
1263 2536 1387 2565 autem
1412 2534 1538 2563 narrat
1560 2541 1599 2564 se
1622 2529 1661 2563 in
1684 2528 1800 2573 sylvis
1821 2527 2139 2562 Rostochiensibus
2162 2527 2309 2562 frondo-

232 2603 280 2638 sis
306 2612 368 2636 eas
392 2599 587 2634 invenisse.
607 2596 667 2642 ⁴2)

380 2669 686 2716 Temperamento
711 2666 954 2714 phlegmatico
986 2673 1023 2701 et
1050 2668 1152 2715 pigro
1179 2678 1230 2702 ex
1260 2667 1481 2702 obsconditis
1504 2667 1725 2714 proveniunt
1753 2675 1868 2701 verno
1897 2671 1933 2699 et
1963 2666 2104 2701 aestivo
2134 2671 2309 2713 tempore,

232 2747 314 2789 post
339 2739 494 2787 pluvias.
544 2737 712 2779 Insectis,
740 2737 927 2772 vermibus
958 2743 1023 2771 etc.
1056 2738 1213 2772 aluntur.
1237 2736 1297 2782 43)
1347 2737 1510 2772 Hiberno
1533 2742 1709 2783 tempore,
1733 2747 1861 2771 somno
1885 2740 2019 2779 tentae,
2041 2735 2310 2783 obtorpescunt,

232 2812 268 2845 in
295 2822 364 2857 quo
388 2808 548 2855 corporis
573 2807 671 2841 calor
696 2805 744 2840 ad
771 2809 812 2841 10
827 2807 844 2826 0
869 2807 910 2841 R.
934 2806 1157 2841 diminuitur.
1180 2806 1239 2854 44)
1254 2822 1310 2832 ’-

384 2878 519 2919 Coitus,
544 2876 617 2919 ubi,
642 2875 799 2923 quando,
823 2876 1005 2923 quomodo
1028 2877 1085 2919 fit,
1112 2877 1276 2922 ignotum
1302 2882 1366 2912 est.
1387 2874 1448 2922 ⁴⁵)
1498 2875 1693 2911 Bechstez'n
1715 2876 1754 2909 in
1780 2875 2017 2910 translatione
2040 2875 2158 2921 operis
2183 2875 2219 2909 la
2242 2874 2308 2910 Ce-

229 2949 381 3003 ι[1011111111
404 2948 573 2989 adnotat,
603 2958 642 2982 se
667 2957 793 2983 mense
815 2945 924 2982 Junio
947 2946 1209 2983 salamandras
1233 2951 1420 2982 terrestres
1451 2946 1488 2980 in
1514 2957 1609 2993 aqua
1636 2945 1837 2988 invenisse,
1869 2956 1962 2993 quae
1990 2955 2092 2981 more
2117 2944 2309 2980 Salaman-

2159 3014 2306 3050 draruni

392 3189 438 3229 η)
464 3190 483 3221 l.
505 3201 530 3219 c.
564 3201 634 3231 pag.
658 3188 686 3218 5.

389 3248 437 3288 ⁵⁹)
459 3247 481 3279 l.
503 3260 529 3278 c.
547 3260 634 3290 spflg·
658 3246 686 3276 5.
754 3283 755 3286 Ἴ

390 3307 438 3347 ⁶⁰)
465 3307 568 3338 Carus
591 3308 622 3337 iu
648 3306 772 3337 Goethe
791 3318 848 3339 zur
869 3306 1091 3348 Morphologie
1115 3307 1171 3344 11.‚
1200 3309 1229 3337 2.
1253 3317 1324 3348 pag.
1344 3308 1393 3338 82.
1417 3313 1477 3337 ete.
1506 3309 1534 3345 ξ.
1557 3307 1587 3337 9.

392 3366 438 3405 ⁸¹)
461 3366 480 3397 l.
504 3377 532 3396 c.
562 3377 634 3407 pag.
658 3365 727 3396 185.

391 3424 438 3464 ⁴²)
462 3425 662 3466 Ephemerid.
686 3431 787 3456 natur.
812 3426 963 3456 ειη-10501.
988 3437 1059 3456 ann.
1084 3425 1173 3456 1683.
1195 3424 1317 3455 observ.
1340 3425 1390 3456 60.
1414 3436 1486 3466 pag.
1513 3423 1581 3457 107.
1624 3421 1823 3464 Norimberg.
1848 3421 1936 3452 1688.

392 3483 440 3523 ⁴³)
464 3483 515 3513 La
540 3483 666 3524 Cepede
694 3484 714 3515 l.
738 3496 764 3515 c.
787 3496 859 3526 pag.
880 3483 950 3515 462.

394 3542 441 3580 ⁴‘')
464 3541 608 3573 Alleckels
630 3542 747 3573 Archiv
767 3542 838 3580 HL,
871 3545 897 3573 1.
921 3555 993 3585 pag.
1021 3544 1089 3574 133.
1110 3543 1184 3574 ibid.
1209 3542 1335 3583 Sayssy.

540 3591 725 3632 Rudolpln'20
747 3591 913 3622 Grundriss
933 3593 988 3622 der
1007 3591 1208 3633 Physiologie
1231 3591 1272 3630 1.‚
1293 3602 1364 3633 pag.
1390 3590 1460 3620 284.

399 3648 444 3689 ³¹¹)
472 3649 692 3681 Gravenborsl
721 3650 741 3682 l.
761 3662 786 3682 c.
809 3662 881 3693 pag.
905 3651 955 3682 26.
