2574 4123
1233 516 1264 564 ξ.
1294 517 1350 554 57.

416 630 520 674 Quod
545 630 592 666 ad
617 630 839 675 singulorum
863 629 1102 671 systematum
1127 623 1374 660 evolutionem
1400 629 1436 656 et
1461 620 1717 656 formationem
1743 619 1888 660 attinet,
1914 619 1951 653 in
1974 619 2231 664 embryonibus
2258 619 2323 656 sub

267 700 333 736 No.
363 702 417 744 15,
443 702 497 744 17,
522 704 575 735 18.
611 699 806 745 designatis
839 697 928 731 haec
962 693 1253 729 animadvertere
1284 692 1395 739 potui.
1445 689 1646 725 Medullam
1669 687 1847 735 spinalcm
1868 686 1945 722 vidi
1980 687 2155 731 divisam,
2185 688 2325 725 duobus

267 780 316 804 ex
339 770 507 805 funiculis
533 770 696 805 nervosis
721 767 947 814 cmpositam,
970 764 1096 800 vitello
1120 762 1245 804 diluto,
1269 761 1308 795 in
1330 772 1400 807 quo
1424 758 1525 801 mihi,
1562 758 1688 793 similis
1713 758 1752 791 in
1774 756 1979 791 Distomate
2001 756 2166 803 hepatico
2192 757 2327 792 forma-

267 839 326 881 tio,
353 850 376 873 a
397 840 477 874 viro
502 837 674 886 perdocto
696 836 829 872 Jurine
849 832 931 879 ¹9³)
953 833 1158 874 observata,
1183 832 1222 865 in
1245 835 1407 865 mentem
1428 828 1539 865 venit.
1591 826 1686 861 Ante
1709 825 1803 860 hanc
1825 825 2025 860 medullam
2047 826 2237 872 spinalmn,
2262 839 2328 863 va-

263 908 416 943 siculum
449 907 526 944 vidi
555 905 815 952 longitudinale
846 914 957 950 supra
986 901 1240 949 capitulatum,
1272 897 1368 945 quod
1397 897 1545 944 quidam
1574 901 1699 931 aortae
1730 900 1766 929 et
1795 894 1911 929 cordis
1939 895 2096 942 primum
2119 896 2329 932 existimem

262 976 520 1012 rudimentum.
571 976 714 1022 Neque,
746 974 814 1008 nisi
841 971 1040 1007 admodum
1066 970 1190 1012 fallor,
1219 968 1420 1004 solitarium
1446 965 1534 1001 mihi
1558 965 1772 1007 videbatur,
1805 963 1870 999 sed
1895 974 1976 998 cum
2007 965 2095 1007 illis,
2127 963 2174 999 de
2200 966 2328 1011 quibus

263 1051 371 1080 antea
394 1045 484 1089 dixi,
503 1044 673 1082 vasiculis
697 1042 974 1078 communicare.
1026 1039 1118 1075 Cum
1141 1038 1409 1075 Annulatorum
1427 1040 1625 1081 systemate
1648 1043 1815 1076 nervoso,
1835 1034 2037 1079 comparari
2058 1039 2176 1080 potest
2198 1034 2329 1069 haecce

261 1114 440 1150 formatio.
462 1113 543 1159 ¹9⁴)
595 1113 727 1148 Oculos
760 1111 902 1158 punctis
928 1110 1108 1156 utrimque
1132 1108 1339 1154 designatos
1370 1107 1408 1140 in
1432 1105 1500 1140 hoc
1524 1103 1642 1139 stadio
1674 1102 1762 1138 vidi.
1788 1122 1836 1126 —
1884 1101 2051 1137 Mihimet
2075 1109 2199 1139 autem
2217 1115 2328 1150 quum

262 1195 335 1218 uon
359 1189 489 1226 essent,
514 1184 619 1230 plura
644 1181 863 1218 evolutionis
888 1179 1128 1226 exemplaria,
1148 1178 1244 1213 hunc
1266 1177 1459 1212 decursum
1481 1174 1638 1222 penitius
1664 1172 1860 1207 observare
1883 1183 1956 1207 non
1983 1173 2094 1219 potui.

1200 1319 1202 1321 ’
1225 1339 1256 1386 ξ.
1303 1341 1360 1375 55.

420 1468 462 1503 In
487 1470 686 1514 systemate
708 1476 814 1502 osseo
836 1463 1047 1505 formando,
1078 1463 1149 1498 viri
1172 1461 1334 1509 perdocti
1360 1460 1410 1494 [hc
1438 1457 1613 1500 Trochet,
1642 1457 1712 1491 nisi
1743 1456 1944 1491 admodum
1968 1457 2093 1499 fallor,
2128 1459 2328 1497 affirmatas

265 1538 391 1572 inveni
428 1538 701 1574 observationes
720 1538 760 1558 19
770 1533 814 1580 ⁵).
866 1534 950 1569 vidi
980 1532 1152 1567 nimirum
1178 1531 1217 1566 in
1248 1529 1517 1575 mnbryonibus,
1547 1526 1614 1562 sub
1646 1525 1712 1562 No.
1748 1528 1790 1561 18
1816 1532 1852 1560 et
1877 1529 1931 1562 19.
1954 1525 2163 1572 designatis,
2185 1530 2329 1577 spinam

258 1606 508 1651 nigricantem,
525 1605 750 1648 undulatam,
774 1604 1014 1645 articulatam,
1037 1602 1160 1636 abluto
1183 1600 1321 1642 vitello,
1346 1600 1397 1633 ita
1419 1603 1459 1632 ut
1480 1608 1554 1631 non
1577 1595 1751 1637 dubitem,
1774 1596 1860 1642 quin
1882 1596 1953 1630 viri
1977 1595 2140 1642 perdocti
2163 1598 2212 1633 du
2238 1600 2328 1634 Tro-

262 1674 348 1709 chet
369 1673 524 1710 ossicula
552 1675 683 1709 dicona
710 1673 876 1710 viderim.
933 1671 992 1707 Ad
1017 1669 1287 1705 observandum
1312 1667 1535 1709 necessaria,
1570 1676 1682 1712 quum
1711 1663 1802 1698 mihi
1833 1674 1908 1698 non
1939 1670 2059 1699 essent
2090 1668 2329 1715 exemplaria,

258 1755 332 1778 non
349 1745 499 1780 ulterius
521 1745 592 1780 viri
615 1744 712 1779 illius
738 1742 965 1783 examinare,
979 1750 1097 1786 neque
1121 1738 1281 1773 refutare
1304 1747 1421 1783 neque
1447 1736 1630 1771 affirmare
1649 1733 1922 1769 observationes
1937 1734 2048 1780 potui.
2098 1735 2141 1770 In
2162 1737 2329 1782 embryo-

259 1824 305 1847 ne
333 1813 399 1848 sub
424 1813 490 1848 No.
519 1816 574 1848 19.
599 1812 786 1857 designato
814 1812 853 1844 in
888 1810 1005 1856 capite
1028 1809 1281 1856 corpusculum
1303 1806 1381 1842 vidi
1407 1803 1799 1848 obtuso-triangulare,
1825 1803 1941 1837 lacteo
1972 1803 2103 1847 colore,
2126 1805 2224 1852 quod
2251 1808 2328 1852 qui-

259 1882 344 1916 dem
371 1883 644 1928 cartilagineum
666 1880 755 1916 mihi
779 1879 992 1920 videbatur,
1021 1877 1086 1912 sed
1120 1878 1208 1913 satis
1232 1876 1399 1911 distincte
1427 1873 1630 1908 discernere
1656 1882 1730 1906 non
1762 1872 1873 1919 potui.
1933 1872 2213 1917 verosimiliter,
2251 1887 2327 1910 cor-

257 1952 449 1998 pusculum
474 1951 600 1998 capitis
623 1953 872 1996 tegumentum
897 1958 1043 1983 osseum
1068 1952 1134 1989 est,
1164 1957 1260 1981 nunc
1287 1945 1406 1980 adhuc
1431 1943 1715 1988 cartilagineum.
1766 1939 1897 1977 Utrum
1920 1948 2016 1977 recte
2041 1942 2109 1978 hoc
2131 1954 2170 1979 se
2195 1944 2327 1980 habeat

257 2021 390 2064 nescio,
415 2030 526 2068 quare
551 2019 777 2067 probabilem
801 2015 1056 2053 tantiunmodo
1080 2016 1298 2051 sententiam
1320 2024 1443 2049 meam
1467 2022 1641 2060 propono.

1219 2174 1251 2221 ξ.
1317 2176 1374 2210 59.

406 2303 670 2339 Extremitates
688 2302 768 2349 jam
792 2302 831 2338 in
854 2300 1062 2339 evolutione
1086 2297 1252 2335 maxime
1277 2296 1459 2332 matutina
1484 2294 1574 2337 vidi,
1598 2298 1639 2329 ut
1661 2292 1817 2329 nodulos
1842 2294 2012 2340 primum,
2036 2295 2169 2332 deinde
2195 2299 2322 2346 paula-

257 2373 323 2407 tim
347 2379 547 2420 porrectaS‚
570 2373 693 2408 confer
716 2373 793 2417 Fig.
821 2375 876 2414 18,
904 2374 959 2413 19,
983 2374 1039 2404 21.
1062 2389 1110 2393 —
1132 2369 1374 2413 superirores‚
1395 2364 1625 2400 inferioribus
1651 2364 1758 2407 longe
1781 2363 1929 2409 priores.
1981 2364 2098 2400 Multo
2122 2367 2236 2403 serius
2259 2368 2321 2403 de-

259 2453 360 2478 mum
387 2443 518 2478 incisas
547 2441 596 2477 ad
618 2441 811 2486 digitorum
825 2435 1025 2475 ¹munerum
1050 2434 1306 2473 animadverti.
1330 2453 1378 2460 -

1222 2594 1254 2642 ξ.
1285 2597 1341 2631 60.

399 2706 584 2742 Musculos
608 2705 775 2741 distincte
795 2701 1051 2739 discernendos
1074 2699 1200 2736 inveni
1222 2699 1354 2741 nullos,
1385 2697 1553 2745 quamvis
1576 2696 1613 2731 in
1636 2694 1790 2732 foetibus
1813 2697 1923 2743 plane
1947 2699 2114 2743 excultis,
2138 2701 2212 2737 vid,
2238 2703 2315 2750 Fjg,

256 2770 346 2813 27'a.
372 2781 578 2818 stratorum,
595 2772 919 2821 fasciculorumque
945 2771 1024 2808 vidi
1046 2770 1292 2805 directionem.
1343 2767 1500 2803 Musculi
1523 2767 1562 2802 in
1583 2766 1651 2809 hoc
1674 2772 1771 2802 statu
1790 2766 1936 2814 piscinis
1960 2774 2044 2803 sunt
2067 2774 2314 2819 comparandi,

256 2846 302 2881 ob
325 2847 515 2882 mollitiem
541 2855 728 2883 mucosam
749 2848 802 2886 et,
830 2848 871 2878 ut
892 2843 944 2877 ita
968 2841 1105 2883 dicam,
1130 2839 1369 2885 coagulatam.

1211 3017 1244 3064 ξ.
1286 3018 1342 3052 61.

400 3126 529 3165 Cutem
560 3128 737 3163 matutine
761 3127 960 3163 admodum
982 3123 1060 3162 vidi
1086 3124 1283 3165 excultam,
1309 3120 1393 3158 vide
1419 3120 1570 3166 Figuras
1594 3119 1638 3154 25
1649 3119 1680 3161 b,
1707 3119 1751 3154 26
1762 3119 1793 3162 b,
1822 3120 1875 3162 15,
1903 3120 1957 3163 17,
1986 3124 2040 3163 18,
2067 3125 2119 3159 19.
2147 3124 2306 3163 bruneo-

255 3199 420 3244 griseam,
445 3203 665 3245 punctatam.
715 3197 747 3231 A
768 3197 916 3231 reticulo
939 3195 1130 3232 vasculoso
1156 3191 1369 3234 excolendo,
1388 3189 1484 3237 quod
1507 3194 1615 3224 antea
1637 3191 1933 3232 commemoravi,
1955 3188 2001 3236 (ξ.
2026 3191 2098 3236 56.)
2121 3205 2202 3230 eam
2216 3208 2305 3233 exo-

254 3268 315 3302 riri
348 3273 383 3302 et
422 3268 541 3303 excoli
568 3268 683 3313 magis
704 3266 908 3312 magisque,
936 3265 1143 3301 verosimile
1166 3263 1254 3297 mihi
1276 3261 1431 3298 videtur.
1481 3259 1563 3294 Non
1587 3259 1707 3294 minus
1737 3259 1911 3294 adnotatu
1934 3259 2081 3305 dignum
2117 3268 2189 3307 est,
2214 3269 2303 3304 cutis

254 3337 430 3383 majorem
455 3338 699 3373 evolutionem
724 3347 806 3370 cum
830 3335 1054 3370 internarum
1084 3333 1242 3381 partium
1274 3341 1464 3378 progressu
1488 3329 1693 3371 evolutivo,
1723 3328 1878 3363 eundem
1912 3335 2032 3364 tenere
2056 3332 2226 3378 gradum;
2257 3337 2303 3371 (10

255 3406 382 3454 quibus
406 3416 483 3440 111111
504 3413 578 3442 cest
601 3404 792 3452 agendum.
819 3423 866 3428 —

406 3526 473 3567 ¹‘³²')
492 3523 632 3557 Annales
653 3527 691 3558 de
710 3508 850 3558 sciences
868 3523 1044 3556 natm-elles.
1088 3521 1188 3554 Tome
1208 3522 1247 3553 Π.
1270 3521 1354 3553 Aofit
1378 3519 1466 3551 1824.

407 3584 474 3625 ¹⁹⁴)
493 3583 587 3622 Roth,
607 3583 657 3615 De
678 3585 854 3616 animalium
875 3582 1152 3614 invertebratorum
1174 3587 1341 3622 systemate
1362 3589 1506 3611 nervoso.
1550 3576 1750 3617 VVirceburgi
1774 3576 1862 3607 1825.
1885 3575 1965 3608 Tab.
1988 3575 2011 3607 1.
2034 3577 2059 3608 F
2061 3579 2102 3619 ig.
2124 3581 2151 3611 1.

406 3643 472 3684 ¹⁹⁵)
494 3643 513 3674 Ι.
535 3655 560 3674 e.
579 3654 650 3684 pag.
671 3642 741 3673 313.
767 3655 839 3685 pag.
862 3640 1048 3674 160—172.

1890 3699 1906 3733 I
