2574 4123
1203 523 1234 570 ξ.
1275 528 1331 560 02.

383 635 438 670 De
466 640 582 669 tractu
606 633 803 668 intestinali
828 632 1052 666 efformando
1077 637 1110 664 et
1135 630 1343 666 evolvendo
1361 639 1486 674 vagas,
1511 629 1693 674 mirasque
1714 628 1913 673 opiniones,
1938 628 2114 673 variaque
2137 624 2298 667 discidia,

233 707 312 752 quis
336 712 400 746 est,
433 706 493 751 qui
516 705 652 739 nesciat
664 705 677 737 ’ἱ
728 702 799 737 Sed
826 708 865 736 ut
886 701 932 735 de
955 702 1010 736 his
1036 707 1189 743 taceam,
1216 700 1386 736 videmus
1411 698 1535 732 lateris
1557 697 1799 732 abdominalis
1825 708 1906 731 cum
1930 697 2054 732 vitello
2079 705 2300 736 connexum,

234 775 331 810 unde
357 774 532 822 suspicari
558 774 659 815 licet,
691 772 856 808 vitellum
881 772 918 805 in
935 771 1150 806 membrana
1172 781 1239 805 sua
1260 770 1459 810 inclusum,
1484 768 1662 814 imprimis
1688 772 1823 801 tractus
1847 767 2064 802 intestinalis
2084 765 2302 805 constituere

234 851 270 879 et
295 844 538 879 determinare
562 843 820 878 evolutionem.
873 839 978 883 Quod
1000 839 1157 887 quidem,
1190 845 1366 886 quantum
1390 837 1478 872 mihi
1509 837 1646 871 licitum
1670 843 1747 871 erat
1772 836 1980 880 observare,
2008 847 2139 872 revera
2161 845 2303 881 quoque

234 914 284 950 ita
317 926 356 950 se
381 913 500 949 habet.
557 912 691 947 Videas
719 911 891 945 nimirum
917 911 955 944 in
989 910 1066 956 Fig.
1100 910 1155 952 17,
1191 913 1246 953 18,
1276 912 1332 944 24.
1366 907 1589 943 asserculum
1615 906 1935 941 membranaceum
1960 907 2120 941 albicans
2144 916 2166 939 a
2189 905 2303 938 latere

233 984 457 1020 abdominali
480 986 662 1032 utrimque
690 983 726 1016 in
752 980 1005 1015 membranam
1036 980 1240 1015 vitellinam
1263 979 1463 1019 transiens,
1493 976 1590 1023 quod
1612 977 1771 1023 primum
1800 982 1935 1011 tractus
1967 975 2184 1011 intestinalis
2205 972 2303 1008 rudi-

233 1061 398 1090 mentum
423 1055 607 1098 existimo,
638 1065 734 1088 nunc
758 1050 877 1086 adhuc
902 1051 1041 1093 sulcati,
1070 1049 1116 1084 ab
1141 1050 1261 1084 antico
1286 1048 1451 1083 nondum
1480 1047 1603 1081 clausi.
1654 1045 1795 1080 Sensim
1822 1046 2028 1092 sensimque
2060 1045 2156 1079 infra
2186 1049 2222 1077 et
2247 1053 2304 1078 su-

234 1136 299 1172 pra
321 1125 506 1170 angustius
537 1126 576 1159 fit
604 1124 761 1171 spatium
792 1122 886 1155 inter
915 1105 1109 1166 utrumque
1134 1119 1357 1154 assercnlum
1383 1118 1512 1159 situm,
1543 1116 1676 1163 quippe
1703 1114 1800 1162 quod
1824 1114 2089 1162 adpropinquet
2114 1115 2307 1159 utrimque,

233 1196 379 1229 vitellus
402 1194 614 1228 diminuitur
643 1205 713 1240 quo
742 1191 881 1236 longior
914 1191 953 1224 fit
985 1190 1121 1224 canalis
1146 1188 1300 1223 cibarius
1329 1199 1440 1234 supra
1473 1192 1509 1220 et
1531 1185 1644 1227 infra,
1674 1184 1760 1220 vide
1793 1184 1870 1229 Fig.
1898 1186 1971 1227 15.;
2003 1185 2116 1219 immo
2148 1183 2307 1219 divisum

234 1264 309 1300 vidi
332 1265 370 1298 in
397 1263 488 1299 duas
511 1270 632 1311 partes
654 1260 886 1297 dimidiatum
910 1259 988 1304 Fig.
1013 1262 1073 1293 22.
1122 1258 1255 1292 vitello
1279 1257 1393 1291 diluto
1416 1257 1493 1302 Fig.
1517 1259 1586 1298 23„
1618 1255 1755 1289 canalis
1778 1252 1901 1288 cibarii
1924 1254 2096 1289 observes
2123 1255 2234 1287 finem
2255 1253 2308 1286 in-

235 1334 403 1368 feriorem
433 1340 468 1367 et
499 1333 740 1380 superiorem,
774 1328 939 1364 nondum
971 1329 1131 1370 clausos,
1160 1327 1221 1361 ubi
1243 1327 1390 1363 vitellus
1415 1325 1650 1372 interpositus
1673 1329 1760 1358 erat.
1819 1323 2004 1358 Admonui
2037 1321 2084 1368 (ξ.
2113 1321 2188 1367 61.)
2219 1322 2309 1355 eutis

235 1403 490 1437 formationem
522 1414 604 1438 cum
642 1408 778 1436 tractus
810 1398 1027 1433 intestinalis
1064 1396 1273 1431 evolutione
1305 1394 1462 1429 eundem
1496 1400 1619 1427 tenere
1650 1392 1820 1438 gradium
1857 1392 1941 1426 inde
1968 1392 2154 1434 videmus,
2190 1397 2310 1426 cutem

234 1473 350 1518 magis
382 1472 570 1518 magisque
604 1471 774 1505 inducere
796 1469 892 1503 latus
922 1466 1172 1507 abdominale,
1200 1465 1347 1500 vitellus
1376 1463 1547 1511 proinde,
1578 1469 1618 1497 ut
1645 1463 1697 1497 ita
1721 1462 1857 1507 dicam,
1886 1462 1925 1496 in
1948 1461 2152 1496 abdominis
2177 1472 2310 1496 cavum

235 1541 407 1584 trahitur,
453 1546 488 1575 et
525 1553 590 1589 per
624 1542 774 1586 longum
805 1544 951 1585 tempus
985 1535 1103 1571 adhuc
1134 1540 1248 1569 restat
1280 1535 1317 1568 in
1343 1535 1462 1568 forma
1485 1533 1654 1579 globulae
1688 1533 1807 1566 luteae
1837 1531 1915 1577 Fig.
1940 1531 1985 1567 27
2003 1531 2037 1566 d.
2108 1531 2209 1565 Tunc
2236 1531 2312 1565 fere

235 1617 353 1646 rectus
383 1617 437 1646 est
457 1611 593 1645 canalis
619 1610 786 1651 cibarius,
810 1608 841 1643 F
843 1609 888 1653 ig.
910 1607 955 1643 27
966 1619 1005 1652 g.
1029 1612 1065 1640 et
1089 1605 1255 1641 vitellina
1280 1603 1426 1649 glebula
1452 1609 1705 1645 evanescente,
1730 1602 1893 1638 volvitur
1918 1600 2078 1635 demum.
2129 1600 2206 1646 Fig.
2222 1600 2310 1645 27lz.

236 1681 267 1715 F
268 1682 313 1726 ig.
330 1683 375 1714 28
385 1681 415 1714 b.
441 1680 518 1725 Fig.
536 1683 595 1714 32.
645 1680 807 1714 Primum
839 1677 1075 1725 sulphureum
1099 1674 1210 1710 habet
1232 1674 1408 1715 colorem,
1442 1674 1525 1719 quia
1548 1672 1744 1708 dissolutus
1771 1670 2054 1718 quodammodo,
2086 1676 2204 1705 totum
2227 1682 2311 1705 eum

236 1751 374 1797 implet,
403 1750 561 1784 vitellus.
612 1749 729 1784 Locus
754 1748 843 1783 mihi
868 1746 1015 1782 videtur
1042 1749 1250 1780 attenuatus
1288 1749 1323 1777 et
1345 1742 1531 1787 angustior
1556 1742 1595 1776 in
1620 1748 1736 1776 tractu
1760 1741 1959 1776 intestinali
1993 1740 2108 1775 adulti
2132 1741 2313 1785 animalis,

238 1819 297 1854 ubi
321 1824 505 1866 postremo
531 1818 676 1864 globula
701 1817 866 1853 vitellina
887 1817 958 1850 sita
980 1821 1068 1849 erat.

385 1887 483 1931 Quas
505 1899 602 1923 nunc
626 1887 762 1922 Tecum
793 1884 1074 1928 communicavi,
1104 1883 1390 1925 observationes,
1420 1882 1550 1917 Lector
1578 1880 1767 1921 benevole,
1799 1879 1949 1921 institui,
1978 1879 2105 1914 ceteris
2135 1879 2314 1923 omnibus,

238 1965 383 2006 praeter
405 1959 581 2004 ingeniosi
605 1959 676 1994 viri
703 1959 821 1993 Carus
845 1955 1200 1990 dissertatiunculam
1232 1964 1343 1999 supra
1366 1951 1573 1993 laudatam,
1606 1950 1777 1995 neglectis
1808 1950 1990 1996 primum3
2026 1954 2062 1982 et
2095 1955 2223 1995 postea
2252 1949 2313 1984 de-

240 2041 341 2064 mum
374 2034 576 2062 ceterorum
601 2028 765 2062 virorum
795 2026 1123 2060 illustrissimorum
1158 2024 1194 2057 C.
1221 2023 1264 2057 F.
1297 2022 1414 2068 lVolf,
1450 2022 1629 2063 Emmert,
1660 2019 1817 2063 Meet-el,
1853 2018 1966 2062 Oken,
2002 2019 2225 2053 Tiedemaan
2249 2025 2314 2053 etc.

242 2099 287 2133 de
311 2098 378 2133 liae
398 2110 442 2147 ¹re
468 2097 754 2138 observationes,
769 2094 969 2141 opiniones,
987 2092 1320 2138 argumentationes
1343 2092 1423 2135 legi,
1442 2092 1478 2124 in
1505 2102 1575 2136 quo
1600 2089 1720 2130 video,
1736 2100 1837 2122 meas
1863 2099 1945 2121 cum
1964 2088 2080 2133 perill.
2097 2089 2259 2123 virorum
2280 2090 2314 2123 F.

244 2169 285 2203 F.
312 2168 423 2214 'Vols
444 2174 480 2201 et
501 2166 650 2201 BIeckel
671 2164 874 2200 consentire
898 2163 1067 2199 inventis.
1118 2162 1289 2196 Alienum
1315 2172 1336 2195 a
1359 2172 1419 2194 me
1442 2160 1499 2199 sit,
1522 2157 1741 2193 discordiam
1767 2157 1812 2191 de
1837 2156 1906 2190 hac
1930 2168 1968 2190 re
1993 2157 2087 2190 inter
2114 2158 2213 2192 viros
2234 2159 2315 2193 illu-

244 2239 440 2274 strissimos
465 2237 558 2279 illos,
589 2245 818 2282 componere,
851 2233 1080 2280 experientia
1111 2232 1219 2273 enim,
1252 2236 1287 2264 et
1315 2230 1529 2275 cognitionis
1562 2240 1667 2263 meae
1696 2227 1819 2273 inopia
1844 2225 1912 2260 hoc
1940 2231 2078 2262 vetant.
2131 2225 2316 2268 Quatenus

244 2320 349 2343 meae
371 2319 393 2342 a
418 2307 487 2342 viri
511 2305 688 2352 ingeniosi
714 2305 832 2338 Carus
857 2314 947 2349 quas
969 2302 1125 2337 instituit
1148 2299 1476 2341 observationibus,
1507 2297 1738 2338 abhorreant,
1774 2296 2017 2330 determinare
2047 2301 2082 2329 et
2107 2295 2316 2341 dijudicare,

245 2390 305 2412 me
336 2388 410 2412 non
438 2376 550 2410 decet.
602 2375 705 2408 Meas
739 2379 862 2407 autem
891 2372 1019 2407 sedulo
1050 2383 1129 2406 esse
1161 2371 1288 2411 factas,
1314 2376 1422 2415 atque
1455 2370 1532 2403 sine
1562 2368 1660 2402 omni
1694 2371 1864 2400 enarrata
1897 2365 2053 2408 fallacia,
2083 2357 2318 2413 quaecunque

247 2447 460 2488 invenerim,
487 2445 547 2491 qui
580 2443 700 2478 denuo
722 2441 963 2488 disquisitioni
994 2452 1071 2475 rem
1104 2439 1306 2485 subjecerit,
1331 2448 1422 2473 mox
1447 2436 1631 2482 intelliget.
1683 2436 1922 2482 Summopere
1947 2434 2124 2486 gaudebo,
2146 2436 2201 2470 sin
2227 2437 2318 2471 alius

202 2522 207 2525 “
248 2518 449 2563 quisquam,
474 2512 751 2560 amplificaverit
777 2516 812 2544 et
835 2511 1036 2546 con-exerit
1063 2516 1158 2551 tunc,
1184 2520 1276 2556 quae
1300 2507 1346 2542 de
1368 2507 1436 2542 hac
1461 2518 1500 2541 re
1524 2505 1729 2541 observavi.

1211 2668 1242 2714 ξ.
1295 2670 1351 2703 63.

400 2783 536 2829 nepas,
559 2780 716 2827 quando,
739 2785 773 2813 et
797 2778 893 2813 unde
916 2778 1103 2818 formetur,
1130 2780 1306 2821 quantum
1329 2784 1471 2820 quoque
1496 2771 1679 2818 inquisivi,
1704 2770 1792 2806 satis
1815 2776 1981 2806 accurate
2004 2770 2224 2817 distinguere
2246 2783 2318 2806 non

257 2854 377 2902 potui,
416 2863 501 2886 nam
533 2852 568 2885 in
595 2850 713 2897 prima
739 2848 947 2883 evolutione
982 2847 1053 2888 iam
1083 2844 1170 2879 vidi.
1220 2843 1317 2878 Num
1343 2843 1420 2877 fieri
1444 2842 1598 2877 fortasse
1624 2841 1736 2888 possit
1765 2846 1805 2874 ut
1834 2841 1983 2875 reticulo
2013 2842 2074 2875 illo
2097 2840 2319 2876 abdominali

257 2937 279 2959 a
301 2923 426 2970 vitello
453 2919 682 2956 disolvatur?
703 2939 752 2943 ——
803 2916 1014 2952 Substantia
1045 2915 1142 2949 enim
1175 2925 1197 2948 a
1225 2913 1351 2949 vitello
1382 2913 1420 2946 in
1444 2912 1556 2947 nihilo
1577 2911 1652 2946 fere
1676 2910 1872 2956 discrepat3
1899 2915 1953 2943 est
1976 2909 2146 2944 nimirum
2171 2911 2320 2953 lutemn,

256 2993 406 3030 reticulo
430 2991 623 3026 vasculoso
645 2989 847 3030 suffectum,
871 2986 966 3034 quod
990 2985 1106 3030 magis
1132 2984 1318 3030 magisque
1341 2983 1540 3024 excolitur;
1566 2992 1679 3027 usque
1707 2979 1795 3013 dum
1817 2979 2006 3025 paululum
2029 2985 2121 3026 post,
2153 2980 2320 3015 rubicun-

258 3064 346 3098 dum
373 3061 503 3096 habeat
526 3060 694 3094 colorem.
748 3057 891 3093 Confer.
921 3057 997 3102 Fig.
1025 3054 1068 3090 27
1083 3067 1121 3099 g.
1156 3053 1200 3089 27
1215 3053 1248 3088 Ιι.
1281 3056 1327 3087 28
1347 3052 1377 3087 b.
1411 3055 1454 3086 31
1473 3052 1502 3086 b.
1536 3054 1592 3085 32.
1643 3050 1717 3085 Vas
1741 3048 2003 3095 longitudinale
2024 3049 2136 3094 (vena
2160 3049 2320 3084 abdomi-

260 3135 351 3169 nalis
384 3130 557 3174 anterior)
589 3129 767 3176 imprimis
799 3129 836 3161 in
868 3130 1101 3173 conspectum
1134 3124 1245 3159 venit.
1295 3123 1425 3158 Vesica
1451 3122 1560 3158 fellea
1585 3131 1694 3168 super
1715 3120 1917 3165 marginem
1939 3119 2147 3154 inferiorem
2176 3119 2321 3161 eminet,

261 3203 337 3249 Fig.
362 3202 405 3238 27
426 3201 458 3235 d.
480 3200 548 3246 (s)
578 3199 734 3234 colorem
762 3197 869 3233 habet
895 3195 1059 3232 viridem.

1217 3341 1249 3387 ξ.
1300 3343 1356 3377 64.

412 3452 465 3488 Eo
488 3453 617 3488 melius
643 3457 768 3487 contra
795 3452 898 3486 lienis
923 3450 1118 3486 observare
1143 3448 1409 3491 formationem,
1441 3447 1527 3481 mihi
1553 3447 1688 3481 licitmn
1714 3450 1800 3479 erat.
1851 3442 1932 3477 vidi
1955 3443 2051 3478 enim
2073 3444 2109 3478 in
2132 3443 2321 3479 ventriculi

267 3526 377 3558 latere
406 3524 550 3558 sinistro
579 3533 733 3570 parvum
762 3522 952 3556 reticulum
983 3519 1240 3560 rubicundum,
1272 3517 1368 3552 unde
1401 3517 1557 3552 nodulus
1587 3513 1830 3552 subrotundus
1861 3514 2034 3560 puniceus
2064 3519 2117 3548 est
2146 3513 2322 3548 formatus

266 3595 324 3640 qui
357 3593 450 3627 infra
487 3599 522 3627 et
555 3604 665 3640 supra
696 3589 883 3639 expansus
914 3596 985 3632 est,
1031 3602 1141 3638 usque
1175 3589 1261 3624 dum
1304 3588 1459 3623 sormam
1497 3584 1947 3631 accuminato-ellipticam
1987 3584 2176 3631 receperit,
2213 3594 2322 3629 «piam

268 3663 342 3708 Fig.
368 3666 412 3697 28
429 3663 458 3696 b.
482 3662 618 3698 videas.
670 3661 845 3698 Hordeoli
869 3661 1155 3706 magnitudinem
1179 3659 1296 3694 habet.
1323 3678 1370 3684 —-
