2574 4123
1238 376 1300 428 10
1367 402 1560 415 m

238 519 532 553 demonstrarunt
557 515 636 557 viri,
658 515 716 557 66)
730 515 775 549 'et
794 515 850 549 vir
874 513 1043 547 celeberr.
1068 513 1297 548 'Pe'edemmm
1315 512 1360 547 de
1381 511 1664 547 Salamandrula
1684 518 1808 548 nostra
1833 514 2014 560 exposuit.
2035 512 2052 533 ⁶
2060 513 2094 557 ⁷)
2145 511 2212 547 Cui
2239 523 2295 546 ac-

235 587 339 622 cedat
362 587 428 621 hoc
450 585 554 620 nobis
580 592 705 620 notatu
730 583 998 629 dignissimum;
1031 582 1158 617 videas
1191 582 1381 623 nimirum,
1409 582 1492 616 colli
1517 588 1552 616 et
1578 581 1715 616 caudae
1750 582 2006 618 formationem
2029 583 2067 617 in
2092 582 2296 617 mammali-

235 658 301 693 bus
324 663 360 691 et
382 655 511 691 avibus
536 656 740 702 oppositam
770 653 836 688 sibi
866 664 946 687 esse
977 658 1013 686 et
1037 653 1266 686 contrariam.
1303 672 1350 676 —
1387 651 1557 699 Bradypo
1582 657 1755 699 excepto,
1787 654 2010 695 mammalia,
2033 653 2296 699 qualiacunque

234 729 323 769 sint,
359 731 496 772 septem
519 725 652 760 habere
676 725 757 758 colli
781 722 987 764 vertebras,
1012 721 1149 756 caudae
1175 728 1298 756 autem
1321 721 1533 763 duodecim,
1555 733 1668 768 usque
1702 721 1750 756 ad
1773 721 2024 768 quadraginta,
2048 734 2137 758 aves
2159 727 2296 763 contra,

234 798 316 832 eolli
341 795 544 836 duodecim,
568 805 682 840 usque
704 793 751 828 ad
776 792 867 827 duas
893 798 928 826 et
951 792 1096 837 triginta
1118 791 1317 833 vertebras,
1343 791 1481 826 caudae
1504 797 1627 826 autem
1651 797 1802 839 septem,
1827 791 1876 826 ad
1898 803 2033 828 novem
2056 803 2186 839 usque,
2210 791 2297 826 satis

234 869 327 902 inter
353 876 478 900 omnes
502 869 653 898 constat.
705 863 861 909 Reptilia
882 868 1004 897 autem
1037 863 1129 895 inter
1154 867 1347 908 utrumque
1370 861 1531 896 medium
1557 867 1680 895 tenere
1705 861 1886 903 videntur,
1910 862 1956 897 ob
1976 863 2158 897 minutum
2179 867 2297 897 verte-

234 938 381 972 brarum
397 935 489 976 colli,
514 940 550 968 et
571 944 745 979 magnum
771 932 909 967 caudae
931 942 1136 974 numerum,
1161 933 1276 977 magis
1300 932 1559 967 mammalibus
1584 931 1716 973 affinia,
1738 931 1989 967 vertebrarum
2012 931 2212 966 dorsalium
2235 919 2297 965 au-

234 1014 307 1041 tem
331 1004 547 1040 formatione
571 1010 605 1037 et
626 1014 778 1038 numero
801 1003 839 1036 in
865 1000 1117 1043 testudinibus,
1140 1013 1337 1047 earumque
1360 1002 1624 1041 immobilitate,
1648 1001 1777 1036 avibus
1802 1007 1885 1036 sunt
1907 1001 2023 1047 magis
2046 1001 2235 1036 associata.
2251 1021 2298 1025 -—

232 1076 306 1111 Sed
333 1075 457 1110 redeat
479 1073 527 1108 ad
547 1072 840 1113 salamandram,
866 1078 991 1107 nostra
1015 1071 1140 1106 oratio.
1165 1091 1213 1095 —
1238 1071 1497 1106 Yertebrarum
1519 1071 1736 1106 lumbalium
1761 1082 1946 1114 numerus,
1968 1070 2299 1117 Myrmeeopliagae

232 1145 407 1190 didactyli
431 1142 587 1178 eundem
618 1144 655 1178 in
682 1143 897 1192 memoriam
922 1146 1082 1182 revocat,
1113 1141 1169 1174 cui
1193 1140 1331 1175 accedit
1354 1140 1484 1184 adhuc,
1507 1153 1662 1187 magnus
1687 1140 1825 1175 caudae
1850 1141 2101 1176 vertebrarum
2124 1151 2297 1175 numerus

233 1213 584 1261 Mywmeeophagae,
613 1212 879 1248 Salamandrae
909 1211 1075 1246 similiter
1104 1210 1368 1257 comparabilis.
1419 1209 1572 1246 Unicam
1593 1211 1801 1246 vertebram
1824 1211 2001 1246 sacralem
2034 1215 2070 1244 et
2094 1211 2132 1244 in
2156 1209 2297 1244 Marsu-

235 1285 387 1332 pialibus
409 1284 628 1325 invenimus,
654 1282 867 1329 quibuscum
890 1279 1089 1316 similitudo
1113 1286 1166 1315 est
1190 1292 1232 1315 eo
1257 1282 1373 1327 magis
1398 1281 1535 1322 adhuc,
1568 1287 1746 1328 quatenus
1772 1281 2020 1325 cartilaginem
2044 1279 2300 1327 ypsiloideam,

231 1357 376 1390 illorum
402 1365 483 1388 cum
508 1354 649 1387 furcula
674 1363 778 1386 ossea
802 1352 838 1385 in
863 1351 961 1397 pelvi
985 1351 1064 1392 sita,
1085 1361 1298 1396 comparare
1320 1352 1511 1397 possimus.
1572 1352 1724 1398 Insuper
1749 1351 1893 1391 scimus,
1923 1349 2160 1397 marsupialia
2182 1349 2300 1383 foetus

232 1437 295 1472 per
321 1423 466 1470 aliquod
492 1428 635 1469 tempus
662 1421 779 1456 adhuc
803 1431 924 1455 secum
951 1425 1107 1466 portare,
1131 1431 1246 1465 aeque
1271 1431 1313 1454 ac
1338 1420 1611 1455 Salamandras.
1669 1419 2013 1463 Quadrumanorum
2038 1420 2300 1460 extremitates.

231 1492 496 1529 Salamandrae
521 1493 651 1526 iterare
678 1497 819 1537 typum,
842 1490 985 1525 silentio
1012 1501 1084 1523 non
1109 1490 1396 1536 praetermittere
1419 1501 1577 1536 possum.
1603 1511 1649 1514 —

1249 1736 1291 1769 11.

923 1820 1179 1862 Syslemu
1228 1818 1616 1852 musculorum.

1201 1967 1231 2014 ξ.
1288 1972 1340 2004 12.

379 2077 627 2112 Museulorum
651 2075 849 2110 dorsalium
874 2073 945 2107 duo
973 2078 1052 2107 sunt
1079 2080 1202 2108 strata.
1254 2075 1294 2108 In
1320 2076 1515 2121 superiore,
1539 2080 1703 2115 eutaneo‚
1726 2074 1945 2108 latissimum
1971 2073 2068 2108 dorsi
2101 2073 2303 2109 discernere

232 2150 325 2190 licet,
349 2158 456 2194 quem
483 2145 571 2180 Tab.
596 2146 638 2180 11.
666 2145 742 2190 Fig.
769 2148 824 2179 11.
849 2144 910 2188 (a)
935 2144 1113 2179 reflexum
1139 2143 1303 2191 depinxi,
1328 2144 1512 2179 musculos
1536 2149 1708 2178 eutaneos
1735 2148 1873 2177 ceteros
1900 2142 2156 2187 denominare,
2185 2155 2303 2192 neque

232 2218 426 2263 depingere
448 2216 560 2262 potui.
611 2216 651 2249 In
677 2215 857 2256 inferiore,
880 2214 940 2249 vel
964 2213 1123 2248 secundo
1150 2214 1399 2249 musculorum
1430 2219 1562 2255 strato,
1593 2213 1845 2258 longissimum
1877 2211 1975 2247 dorsi
1998 2224 2078 2247 cum
2105 2214 2303 2249 sacrolum-

232 2289 305 2323 hali
327 2287 429 2331 (ccc)
455 2290 490 2319 et
511 2285 760 2320 imm-costales
786 2283 887 2328 (bbb)
912 2283 1052 2323 videas,
1079 2283 1142 2318 sed
1166 2283 1277 2317 fibrae
1305 2284 1355 2318 ita
1381 2284 1475 2317 inter
1498 2295 1536 2318 se
1561 2288 1645 2318 sunt
1668 2288 1864 2317 contextae
1887 2288 1921 2316 et
1947 2281 2134 2326 cohaesae‚
2157 2289 2197 2318 ut
2219 2285 2302 2318 arti-

232 2358 395 2393 ficialiter
420 2356 493 2390 sint
517 2353 780 2400 disjungendae
803 2352 1073 2393 tantuimnffll0;
1099 2353 1365 2399 protenduntur
1390 2354 1639 2388 intercostales
1665 2353 1808 2399 oblique
1831 2352 2020 2392 deorsum,
2046 2352 2217 2388 candales
2241 2366 2303 2388 au-

232 2434 306 2462 tem
338 2427 375 2460 in
401 2425 538 2472 postico
562 2424 765 2464 circulares,
802 2423 838 2456 in
869 2422 987 2456 antico
1020 2420 1164 2467 oblique
1195 2421 1455 2456 descendentes
1483 2421 1560 2467 Fig.
1590 2425 1646 2455 11.
1673 2423 1726 2464 bb,
1758 2423 1835 2466 Fig.
1864 2425 1916 2455 12.
1950 2421 2065 2466 (ciem)
2114 2422 2303 2468 Ejusmodi

234 2496 479 2532 musculorum
506 2493 760 2533 insertionem,
783 2502 954 2537 magnam
979 2490 1245 2526 Salamandrae
1269 2490 1475 2526 adtribuere
1501 2491 1761 2533 mobilitatem,
1798 2497 1834 2525 et
1857 2490 1995 2525 caudae
2027 2491 2152 2535 robur,
2186 2493 2305 2538 perfa-

233 2567 299 2600 cile
340 2563 529 2608 intelligas.
579 2581 626 2585 ——

1196 2663 1227 2710 ξ.
1282 2667 1336 2698 13.

387 2776 418 2809 Α
445 2772 668 2820 processibus
695 2770 944 2806 vertebrarum
968 2771 1129 2817 priorum
1154 2775 1319 2815 quatuor,
1346 2768 1418 2802 duo
1442 2769 1615 2813 originem
1640 2777 1790 2805 sumunt
1815 2772 1988 2812 musculi,
2021 2783 2174 2818 quorum
2196 2774 2305 2808 inter-

238 2856 324 2887 nus,
365 2844 562 2889 utrimque,
596 2852 677 2874 cum
711 2840 808 2874 fibris
840 2839 1015 2886 paulatim
1041 2839 1323 2884 divergentibus,
1354 2849 1462 2885 super
1487 2839 1645 2885 occiput,
1675 2851 1714 2874 os
1738 2846 1943 2887 temporum
1970 2847 2006 2875 et
2030 2842 2186 2877 frontale
2210 2855 2306 2890 pone

239 2915 387 2949 bulbum
413 2913 506 2947 oculi
535 2912 573 2945 in
605 2911 762 2945 maxilla
794 2909 963 2943 inferiore
991 2909 1177 2952 inseritur,
1211 2909 1286 2954 Fig.
1317 2911 1370 2942 11.
1400 2908 1504 2953 (ald),
1532 2910 1771 2956 temporalem
1803 2910 2020 2955 significavi,
2055 2922 2166 2958 quum
2197 2912 2305 2958 hujus

238 2983 392 3020 musculi
417 2982 642 3029 provinciam
669 2964 850 3026 suscipere
873 2979 960 3013 mihi
985 2978 1163 3014 videatur.
1214 2979 1256 3013 In
1279 2979 1391 3013 latere
1413 2979 1624 3026 temporalis
1649 2985 1814 3022 externo,
1838 2980 1929 3014 alius
1953 2986 2008 3016 est
2024 2982 2220 3025 musculus,
2245 2984 2305 3030 qui

239 3055 394 3090 similem
421 3053 495 3087 fere
521 3051 631 3086 habet
656 3050 860 3090 decursum,
883 3049 1068 3095 processui
1093 3048 1295 3083 mastoideo
1326 3054 1360 3081 et
1391 3048 1575 3082 tuberculo
1606 3060 1735 3095 aspero
1765 3050 1855 3084 ossis
1887 3049 2054 3096 quadrati
2091 3053 2305 3094 annectitur,

239 3121 662 3162 traelielomastoideum,
691 3119 927 3153 denominavi
955 3118 986 3152 F
990 3119 1022 3163 ig
1049 3121 1102 3153 11.
1130 3118 1217 3163 (ee).
1275 3118 1331 3153 Ab
1368 3130 1448 3152 osse
1481 3118 1628 3152 frontali
1659 3119 1889 3165 triangularis
1921 3121 2085 3155 exoritur
2120 3122 2304 3156 musculus

240 3204 388 3241 parvus,
412 3193 472 3238 qui
495 3190 561 3226 sub
587 3189 790 3235 temporali,
820 3187 867 3221 ad
900 3189 1093 3222 maxillam
1123 3188 1332 3222 inferiorem
1361 3187 1517 3222 decurrit
1538 3188 1610 3234 (ff)
1633 3188 1827 3223 frontalem
1850 3190 2061 3235 significavi,
2089 3201 2198 3236 quum
2224 3192 2305 3226 11111-

241 3264 317 3298 lum
348 3261 446 3296 aliud
479 3260 638 3295 nesciam
663 3269 795 3292 nomen
825 3259 856 3291 ei
888 3257 1214 3292 accommodatum.
1277 3259 1308 3291 A
1342 3269 1511 3304 processu
1548 3257 1764 3293 (τοι-0110111430
1798 3259 1978 3293 inferioris
2011 3260 2189 3294 maxillae
2221 3272 2304 3296 cum

242 3332 339 3367 fibris
355 3328 666 3375 convergentibus,
690 3327 913 3372 digastricus,
937 3327 1094 3369 validus,
1119 3338 1267 3374 parvus,
1293 3327 1523 3372 triangularis
1549 3328 1662 3362 oritur
1684 3328 1880 3371 musculus,
1903 3333 1939 3362 et
1965 3328 2031 3363 sub
2055 3331 2245 3377 temporali
2269 3336 2305 3365 et

241 3398 616 3440 trachelomastoideo,
639 3397 777 3432 orbitae
803 3397 955 3442 margini
981 3398 1156 3444 superiori
1181 3397 1367 3440 inseritur,
1387 3403 1624 3433 masseterem
1646 3397 1746 3440 dixi,
1768 3396 1858 3443 (gg)
1896 3409 2007 3444 quum
2037 3400 2140 3434 oculo
2169 3400 2304 3435 ineidat

242 3481 325 3506 eum
347 3470 454 3516 hujus
477 3467 591 3503 officio
614 3468 724 3513 fungi.
750 3488 796 3491 —-

396 3593 446 3631 Μ’)
468 3592 608 3629 Ηρνιίρν,
628 3592 724 3623 ldeen
747 3604 803 3623 zur
825 3591 1015 3623 Gesehichte
1033 3593 1093 3641 fler
1115 3591 1323 3623 Mensehheit.
1366 3591 1539 3625 Karlsruhe
1563 3594 1652 3625 1820.
1674 3593 1734 3625 Svo
1758 3591 1799 3631 1.,
1825 3593 1852 3623 1.
1874 3603 1946 3636 pag.
1965 3593 2015 3624 69.
2036 3600 2093 3625 etc.

395 3651 446 3689 Μ)
475 3651 662 3684 Tt'edemamz
686 3651 705 3681 l.
728 3663 754 3681 e.
775 3662 846 3693 pag.
871 3651 917 3680 12.
