2574 4123
1207 564 1237 611 ξ.
1269 569 1324 600 34.

397 727 581 770 Quantum
604 739 669 776 pro
694 728 832 764 viribus
856 728 947 763 meis
972 728 1048 762 fieri
1072 733 1226 774 poterat,
1254 737 1489 775 quaecunque
1515 726 1674 761 studium
1700 732 1803 761 tuum
1828 738 1956 774 capere
1979 730 2138 772 valeant,
2150 730 2303 765 candide

248 799 389 840 Lector,
424 799 590 844 colligere
612 798 745 841 studui,
771 803 807 832 et
825 809 942 844 pauca
964 796 1220 832 tantummodo
1245 798 1403 840 ommisi,
1426 796 1525 831 idem
1550 807 1660 843 quum
1687 797 1906 840 contineant,
1929 798 2025 845 quod
2047 798 2182 834 Tecum
2209 812 2305 835 com-

249 869 445 911 municavi,
467 869 566 903 idem
590 869 773 909 nimirum,
798 872 839 901 ut
866 868 1039 914 exemplo
1062 873 1155 910 utar,
1179 868 1218 901 in
1247 867 1348 902 Celso
1366 865 1451 911 238)
1473 867 1583 912 legas,
1604 864 1700 912 quod
1722 865 1820 913 apud
1848 866 2105 915 Theophanem
2124 868 2306 904 Nommm.

245 937 430 973 Permulta
455 939 608 985 repetita
632 944 668 972 et
689 937 863 984 rescripta
882 938 962 983 jam
991 937 1181 983 intelliges,
1210 937 1241 972 si
1264 936 1451 972 Isidorum
1473 947 1555 970 cum
1580 935 1699 970 Plinio
1721 948 1927 984 compares3
1954 948 2063 984 quam
2088 938 2134 972 ob
2158 949 2305 974 causam

245 1008 348 1042 illum
378 1008 556 1055 imprimis
578 1007 697 1043 citavi.
754 1007 955 1052 Diligenter
980 1006 1166 1053 perlectis,
1197 1018 1219 1041 a
1242 1006 1475 1054 scriptoribus
1501 1005 1635 1048 citatis,
1665 1005 1854 1041 nobiscum
1879 1008 2172 1051 communicatis,
2201 1008 2305 1043 haec-

245 1078 441 1125 praecipua
463 1083 557 1120 sunt,
588 1088 681 1123 quae
703 1076 1021 1112 animadversione
1046 1075 1156 1122 digna
1176 1075 1382 1111 videantur.

393 1139 524 1182 Primo.
567 1146 757 1181 Nicandri
773 1146 976 1189 scholiaste,
1000 1151 1036 1180 et
1061 1138 1278 1181 Dioscorz'de
1301 1146 1425 1180 forsan
1448 1145 1623 1192 exceptis,
1647 1156 1692 1179 ne
1714 1146 1840 1180 unicus
1863 1145 2008 1192 quidem
2033 1152 2221 1182 auctorum
2243 1153 2307 1190 cst,

247 1217 306 1262 qui
330 1215 593 1250 Salamandrae
617 1215 824 1251 exhibuerit
846 1215 1047 1261 diagnosin,
1064 1215 1150 1250 inde
1175 1221 1299 1250 autem
1321 1216 1361 1249 fit
1385 1220 1426 1249 ut
1447 1215 1628 1262 permulta
1652 1215 1836 1257 animalia,
1852 1221 2048 1262 serpentes,
2065 1217 2220 1251 lacertae
2241 1222 2306 1251 etc.

246 1296 329 1320 cum
353 1284 597 1320 Salamandra
626 1284 911 1328 confiuldantur3
948 1286 1093 1320 firmam
1125 1286 1323 1331 imaginem
1348 1285 1491 1319 animus
1522 1295 1634 1330 quum
1663 1295 1737 1318 non
1766 1284 1899 1319 habeat
1927 1285 1992 1319 tali
2020 1286 2130 1320 modo
2159 1286 2308 1332 hujusce

246 1354 436 1397 bestiolae,
465 1355 665 1390 veneficam
690 1360 860 1389 naturam
885 1355 1049 1390 omnium
1074 1355 1279 1402 perturbat,
1306 1354 1561 1400 innocentique
1583 1352 1848 1388 Salamandrae
1869 1355 2040 1401 imponit,
2074 1356 2124 1390 ita
2146 1361 2186 1390 ut
2206 1367 2309 1391 mon-

247 1429 362 1459 strum
390 1429 614 1460 venenatum
645 1428 681 1458 et
704 1423 893 1459 horridum
919 1430 1105 1471 appareat,
1130 1425 1232 1470 cujus
1257 1423 1570 1459 verosimilitatem
1597 1433 1723 1457 succus
1746 1434 1828 1457 acer
1857 1429 1893 1457 et
1917 1424 2053 1459 lacteus
2078 1425 2232 1460 fortasse
2257 1427 2311 1462 af-

246 1494 455 1529 firmaverit.
488 1514 537 1519 —

396 1562 574 1604 Secundo,
596 1564 672 1597 fieri
692 1564 847 1598 fortasse
864 1564 991 1610 potuit,
1010 1569 1050 1598 ut
1072 1574 1198 1599 succus
1221 1564 1279 1598 hic
1302 1563 1495 1598 carbonem
1517 1563 1725 1608 gliscentem
1753 1563 1986 1608 exstinguere
2008 1565 2165 1598 valuerit
2186 1566 2223 1599 in
2239 1576 2308 1612 quo

243 1633 383 1667 famam
405 1632 666 1678 impetraverit,
699 1634 737 1667 in
759 1633 842 1678 igne
864 1634 991 1669 vivere
1017 1645 1055 1668 se
1080 1645 1196 1680 posse.
1243 1632 1339 1668 Hinc
1359 1638 1482 1667 autem
1505 1637 1559 1666 est
1578 1632 1725 1673 factum,
1750 1637 1790 1665 ut
1812 1632 1944 1666 miram
1973 1633 2185 1679 qualitatem
2207 1633 2311 1679 hanc,

246 1713 328 1736 cum
353 1701 484 1736 sabulis
506 1701 578 1737 illis
609 1700 655 1736 de
679 1700 857 1736 Phoenice
880 1687 1154 1747 conjunxerint3
1189 1709 1226 1736 et
1247 1703 1448 1744 amiantus,
1470 1702 1562 1746 ignis
1588 1700 1717 1735 ardore
1743 1712 1854 1747 quum
1882 1702 2058 1745 albescat,
2083 1704 2224 1750 copiam
2249 1704 2311 1739 de-

246 1771 311 1814 dit,
332 1777 372 1806 ut
397 1781 479 1806 cum
504 1770 749 1805 Salamandra
771 1777 826 1805 est
850 1772 1056 1817 permixtus
1083 1777 1119 1805 et
1145 1772 1326 1807 confusus.
1376 1771 1438 1806 Ex
1467 1771 1628 1805 amianto
1651 1775 1773 1805 autem
1798 1771 1936 1817 pellitia
1958 1773 2091 1818 parari,
2115 1773 2211 1819 quod
2236 1776 2311 1821 qui-

247 1839 332 1875 dem
362 1840 449 1874 locis
480 1840 554 1875 suis
585 1838 933 1882 demonstrabimus,
966 1841 1054 1875 satis
1077 1846 1235 1884 constat3
1269 1852 1380 1887 quare
1402 1838 1684 1874 Salamandram
1709 1840 1908 1885 lanigeram
1942 1834 2065 1875 animo
2095 1842 2163 1877 sibi
2194 1843 2311 1877 finxe-

247 1915 343 1953 rimt,
366 1914 402 1943 et
422 1909 473 1944 ita
493 1909 630 1944 factum
655 1914 720 1951 est,
748 1914 799 1951 ut,
822 1908 977 1944 Rabbini
997 1910 1189 1956 imprimis,
1221 1921 1303 1945 cum
1328 1909 1507 1954 bombyce
1532 1914 1567 1943 et
1589 1920 1724 1943 aranea
1749 1921 1832 1944 eam
1856 1909 2094 1945 confuderint.

392 1978 513 2014 Tertio
538 1977 886 2021 animadverterunt,
910 1984 993 2026 post
1013 1979 1159 2026 pluvias
1186 1980 1381 2027 provenire
1410 1978 1683 2022 Salamandras,
1707 1980 1807 2014 coelo
1839 1990 1967 2015 sereno
1990 1990 2188 2026 nunquam,
2216 1983 2313 2028 quod

251 2048 397 2095 quidem
422 2049 466 2083 iis
489 2049 715 2083 occasionem
740 2047 851 2090 dedit,
875 2053 916 2082 ut
940 2047 1026 2082 inde
1051 2049 1200 2094 genesin
1221 2060 1326 2084 suam
1351 2047 1581 2082 deducerent.

397 2117 464 2152 His
495 2117 661 2152 omnibus
692 2117 868 2159 collectis,
898 2127 948 2151 ex
980 2122 1148 2152 veterum
1174 2118 1344 2164 opinione
1369 2116 1612 2152 salamandra
1643 2122 1713 2152 cst:
1759 2123 1964 2154 monstrum
1997 2120 2155 2155 lacertae
2185 2123 2311 2167 figura,

251 2192 486 2230 venenatum,
508 2187 658 2229 alatum,
684 2186 888 2228 laniferum,
913 2187 952 2220 in
975 2187 1058 2232 igne
1081 2186 1225 2230 vivens,
1247 2187 1374 2233 pluvia
1398 2192 1621 2232 generatum.

395 2255 490 2299 Quid
520 2257 677 2291 mirum?
707 2257 764 2291 sin
793 2254 956 2290 medium
987 2268 1121 2292 aevum
1149 2256 1198 2292 ad
1230 2257 1428 2301 mysticum
1458 2261 1494 2290 et
1516 2261 1766 2303 portentosum
1793 2257 2006 2291 inclinatum
2030 2264 2137 2304 atque
2160 2271 2314 2308 propen-

251 2338 349 2370 sum,
383 2326 491 2362 avide
513 2326 606 2361 hanc
629 2316 908 2372 descriptionem
933 2326 1152 2373 susceperit?
1188 2326 1275 2374 quid
1304 2326 1461 2361 mirum?
1496 2327 1527 2361 si
1550 2328 1741 2373 poetarum
1764 2325 1956 2372 phantasia
1981 2328 2096 2362 multo
2124 2330 2314 2365 miraculo-

251 2396 348 2430 siora
369 2395 486 2430 adhuc
509 2395 699 2437 addiderit,
726 2406 818 2440 quae
843 2406 938 2428 nunc
961 2395 1035 2436 tibi,
1065 2395 1194 2429 Lector
1219 2394 1408 2436 benevole,
1433 2395 1503 2429 nisi
1532 2393 1703 2428 audiendi
1724 2393 1776 2427 Te
1798 2394 1959 2429 taedium
1986 2397 2115 2442 capiat,
2145 2409 2314 2434 enarrare

250 2465 431 2500 volumus.

1209 2664 1240 2711 ξ.
1293 2667 1348 2701 85.

405 2830 580 2864 Poiimata
611 2830 760 2877 antiqua
784 2828 1010 2876 germanica,
1042 2829 1186 2863 saeculo
1212 2827 1352 2863 decimo
1375 2829 1481 2862 tertio
1502 2840 1536 2874 p.
1561 2826 1625 2862 Ch.
1648 2838 1702 2870 n.,
1728 2839 1797 2875 quo
1827 2830 1977 2866 florebat
2000 2832 2176 2878 imprimis
2198 2835 2316 2879 poesis

255 2899 457 2934 carminum
485 2900 762 2942 amatoriorum,
800 2910 891 2945 quae
922 2898 1167 2933 Ilffmnele'eder
1197 2897 1368 2941 audiunt,
1405 2897 1451 2932 de
1483 2896 1725 2932 Salamandra
1755 2904 1881 2933 nostra
1912 2901 2089 2935 nonnulla
2121 2903 2316 2946 continent,

255 2968 469 3016 phantasiae
493 2969 543 3003 sic
566 2968 683 3004 dictae
704 2969 929 3003 romanticae
952 2969 1032 3003 lusu
1055 2968 1275 3015 amplificata
1299 2972 1335 3000 et
1361 2972 1499 3001 ornata.
1550 2966 1775 3001 Fabularum
1799 2973 1932 3011 autem,
1950 2970 2010 3015 qui
2036 2971 2152 3016 poetis
2172 2973 2313 3018 copiam

256 3037 373 3080 dedit,
409 3036 565 3072 ambitus
597 3043 651 3072 est
678 3038 831 3085 triplex,
860 3038 984 3073 fabula
1006 3038 1163 3084 primum
1195 3037 1241 3071 (le
1263 3035 1436 3071 Rolando
1455 3034 1670 3078 furibundo,
1711 3035 1842 3071 deinde
1873 3037 1919 3072 de
1941 3045 2088 3074 sanctae
2113 3039 2314 3076 Veram-ae

256 3106 413 3149 sudario,
444 3106 598 3153 denique
623 3106 668 3141 de
693 3107 818 3142 tabula
839 3108 931 3153 regis
956 3106 1135 3142 Artlnm's.
1185 3106 1326 3149 Tertia,
1354 3117 1463 3152 quam
1494 3105 1694 3147 nominavi,
1723 3105 1858 3149 fabula,
1884 3113 1956 3142 tres
1982 3108 2082 3151 alias,
2115 3115 2155 3144 ut
2183 3111 2235 3145 ita
2260 3111 2313 3145 di-

257 3188 348 3218 cam,
373 3176 523 3223 peperit,
546 3187 638 3222 quae
661 3174 806 3222 quidem
829 3182 930 3211 sunt:
967 3176 1118 3219 Tlturel,
1148 3175 1331 3221 Wegalocte
1349 3172 1432 3218 239)
1463 3180 1499 3208 et
1526 3174 1725 3210 Guilelmus
1748 3182 1896 3212 sanctus
1921 3179 2150 3221 oranse'ensete,
2175 3180 2211 3213 in
2237 3181 2313 3226 qui-

256 3245 324 3280 bus
348 3244 611 3280 Salamandrae
635 3246 771 3280 mentio
796 3246 844 3279 fit.

409 3403 479 3444 ²³⁸)
512 3406 551 3436 A.
590 3405 733 3484 CorneZe‘i
767 3405 852 3484 Cglsc'
884 3405 923 3436 de
958 3406 1113 3437 medicina
1150 3404 1218 3436 libr.
1254 3412 1334 3436 octo.
1370 3405 1419 3434 ed.
1456 3403 1621 3446 Bepontin.
1669 3405 1758 3439 1786.
1786 3407 1857 3437 Svo.
1889 3406 1942 3438 lib.
1969 3407 2009 3437 V.
2040 3418 2106 3449 cap.
2130 3407 2201 3446 VII,
2228 3407 2312 3440 VIII.

554 3464 625 3495 pag.
653 3456 692 3483 22
716 3476 724 3484 .
751 3455 790 3483 22
814 3476 821 3483 .

411 3509 481 3549 239)
510 3510 665 3551 lVigaloz's
684 3513 742 3543 der
764 3512 875 3543 Rilter
895 3515 951 3542 mit
972 3512 1040 3543 dem
1061 3511 1165 3543 Rade.
1209 3510 1366 3542 Getichtet
1384 3522 1445 3542 von
1475 3510 1584 3542 'Virnt
1604 3523 1664 3543 von
1683 3511 1917 3544 Gravenberch.
1961 3513 2232 3556 Herausgegeben
2253 3526 2314 3546 von

559 3558 598 3589 G.
619 3558 658 3590 F.
683 3560 835 3592 Benecke.
878 3559 984 3592 Berlin
1008 3560 1097 3591 1819.
1128 3561 1198 3590 Svo.
1220 3558 1295 3590 ibid.
1316 3559 1468 3591 Vorrede.

1819 3625 1894 3659 L2
