2574 4123
974 353 1567 405 Μ13Μ

258 496 294 525 et
315 490 582 526 difficultatem?
633 490 771 524 nullam
797 490 916 524 subire
939 489 1253 535 reprehensionem
1275 490 1413 531 videor,
1446 490 1476 524 si
1499 500 1760 536 saepenumero
1783 491 1887 526 aliter
1908 492 2142 529 denominavi
2164 503 2304 528 muscu-

258 560 323 602 los,
354 561 450 606 quod
475 572 547 595 non
571 560 639 594 feci
665 570 837 605 unquam,
859 559 926 594 nisi
948 558 1210 593 necessitudine
1235 569 1344 605 qua-m
1369 559 1536 593 maxima
1561 565 1715 594 coactus.
2116 598 2122 601 ⁸

403 630 522 664 Etiam
549 634 656 675 atque
689 630 798 664 etiam
823 628 875 663 Te
895 629 1023 663 Lector
1048 628 1234 669 benevole,
1268 629 1406 673 rogavi,
1435 634 1475 663 ut
1500 639 1572 662 non
1598 634 1742 664 strenue
1765 631 1977 676 opusculum
2003 631 2189 676 dijudices,
2214 637 2305 665 tam-

259 711 367 746 quam
389 699 537 746 perfecti
561 699 598 732 in
623 704 699 732 arte
725 698 897 744 magistri,
921 696 984 732 scd
1007 703 1192 732 tentamen
1216 697 1415 732 literarium
1441 698 1706 742 tantummodo,
1722 709 1833 747 quare
1857 711 1962 747 spero
1985 701 2072 741 sore,
2094 708 2132 736 ut
2157 707 2192 735 et
2215 700 2307 736 hanc

259 769 503 805 musculorum
529 768 806 816 descriptionem
829 765 1020 810 difficilem,
1045 767 1196 812 benigne
1221 767 1406 813 suscipias.
1439 786 1485 793 —-

1251 1014 1312 1050 111.

1029 1102 1240 1147 Systema
1288 1114 1541 1137 neri-orum.

1217 1260 1248 1306 ς’.
1294 1264 1347 1296 19.

406 1366 524 1415 Supra
546 1364 599 1413 (ξ.
624 1364 681 1411 4.)
706 1371 868 1411 systema
894 1377 1109 1409 nervosum,
1143 1377 1328 1401 summum
1353 1366 1570 1402 evolutionis
1592 1365 1782 1411 organicae
1807 1364 1977 1410 gradum,
2012 1368 2168 1403 notionis
2190 1370 2317 1404 tertiae

263 1438 402 1472 (bn-mae
426 1441 709 1471 consentaneum
730 1436 956 1478 notavimus,
987 1436 1219 1471 vasculosmn
1241 1441 1364 1471 autem
1387 1435 1586 1478 secundae,
1609 1445 1765 1470 nervoso
1793 1435 2011 1470 contrarium
2034 1437 2316 1483 quodammodo,

263 1518 358 1541 nunc
383 1506 576 1552 quaeritur,
600 1504 782 1551 quomodo
808 1516 951 1540 osseum
973 1516 1129 1540 nervoso
1156 1505 1202 1539 sit
1227 1505 1531 1540 consociandum<⁸

410 1574 515 1609 Vitae
538 1574 706 1613 animalis
729 1574 939 1621 primariam
964 1574 1121 1609 formam
1147 1574 1373 1619 globulosam
1396 1575 1540 1616 scimus,
1561 1571 1619 1617 ⁷0)
1644 1584 1753 1620 quam
1779 1573 1824 1607 ob
1846 1585 2012 1609 caussam
2038 1575 2131 1609 inter
2156 1582 2319 1611 centrum

265 1650 299 1678 et
321 1643 582 1691 peripheriam,
613 1643 827 1677 relationem
855 1649 1040 1686 mutuam,
1071 1655 1180 1690 quam
1211 1649 1247 1677 et
1276 1644 1314 1678 in
1345 1643 1615 1691 perfectissimis
1643 1643 1879 1689 maximeque
1903 1643 2058 1678 evolutis
2085 1643 2321 1691 formatisque

265 1713 478 1748 animalium
512 1712 789 1747 formationibus
824 1711 1071 1747 observamus.
1128 1712 1194 1747 Est
1224 1712 1395 1747 nimirum
1424 1712 1671 1759 respirationis
1700 1722 1906 1758 processus,
1936 1713 1975 1746 in
2006 1723 2076 1759 quo
2106 1723 2156 1748 ex
2180 1714 2322 1749 interna

267 1783 426 1829 corporis
448 1782 605 1816 cavitate
630 1779 785 1825 (centro)
810 1781 849 1815 in
874 1782 1098 1828 superficiem
1124 1780 1398 1829 (peripheriam)
1424 1786 1659 1817 secernuntur
1681 1780 1963 1823 combusfibssia,
1989 1792 2080 1827 quae
2102 1783 2236 1828 partim
2261 1785 2321 1818 ae-

267 1851 429 1886 riformia
453 1855 686 1889 evanescunt,
707 1850 840 1897 partim
865 1861 946 1883 cum
972 1851 1122 1885 terrenis
1144 1851 1437 1897 praecipitantur,
1459 1851 1511 1884 ita
1534 1855 1573 1884 ut
1598 1854 1691 1884 testa
1714 1849 1781 1895 (os,
1803 1848 1976 1891 sceleton)
1999 1851 2145 1893 oriatur,
2162 1851 2248 1886 inde
2268 1854 2322 1888 in-

269 1922 429 1966 telligere
451 1920 622 1967 perfacile
643 1920 770 1965 possis,
795 1924 956 1963 systema
981 1930 1178 1955 nervosum
1202 1920 1368 1954 maxime
1392 1919 1589 1954 centralcm
1614 1919 1723 1954 totius
1748 1920 1906 1965 corporis
1932 1918 2207 1963 formationem,
2240 1933 2322 1957 cum

269 2002 384 2032 osseo,
409 1988 661 2024 secundariam
686 1987 956 2034 quodammodo
980 1989 1071 2022 inire
1095 1989 1371 2035 oppositionem,
1396 1990 1448 2023 ita
1472 1994 1511 2022 ut
1532 1989 1688 2022 alterum
1711 1988 1825 2021 altero
1847 1986 2047 2021 destinetur
2070 1994 2106 2022 et
2128 1991 2322 2026 constitua-

269 2065 337 2102 tur,
357 2057 415 2102 71)
438 2057 534 2104 quod
555 2058 732 2104 imprimis
756 2057 937 2099 observes,
960 2057 990 2091 si
1012 2057 1236 2102 ingeniosam
1261 2058 1424 2092 virorum
1447 2056 1705 2103 perillustrium
1734 2055 1865 2090 Oen-ier
1887 2061 1923 2090 et
1943 2056 2135 2105 Recdolpln‘
2160 2059 2253 2094 inter
2285 2072 2325 2096 se

266 2128 432 2163 conferas
455 2126 669 2161 animalilun
693 2125 1024 2160 distribuendorum
1046 2127 1235 2161 rationem.
1286 2126 1351 2160 Ille
1374 2125 1546 2160 nimirum
1568 2125 1742 2160 animalia
1766 2124 1890 2160 divisit
1913 2125 1951 2160 in
1973 2126 2181 2162 vertebrata
2213 2135 2248 2163 et
2271 2131 2325 2165 in-

267 2197 491 2237 vertebrata,
509 2194 567 2240 72)
599 2194 656 2229 hic
681 2200 803 2229 autem
835 2195 873 2229 in
896 2194 1175 2242 phaneroneura
1200 2200 1236 2230 et
1258 2201 1510 2243 cryptonenra.
1531 2192 1589 2240 73)
1646 2194 1771 2241 Neque
1798 2194 1919 2229 minus
1948 2200 2072 2230 tamen
2095 2196 2189 2232 inter
2210 2204 2325 2244 syste-

268 2279 330 2302 ma
353 2276 551 2301 nervosum
581 2270 616 2299 et
643 2265 875 2300 vasculosum
897 2265 1070 2311 primaria
1101 2271 1156 2300 est
1183 2265 1380 2312 oppositio,
1406 2270 1442 2299 et
1467 2276 1486 2299 e
1508 2265 1718 2307 vasculos0‚
1741 2274 1886 2299 osseum
1909 2263 2056 2299 demum
2080 2271 2200 2312 potest
2225 2268 2326 2303 effor-

268 2337 373 2379 mari,
397 2334 494 2382 quod
516 2334 677 2379 egregius
702 2332 939 2379 Schweaegrger
965 2334 1077 2369 literis
1100 2340 1218 2369 morte
1240 2346 1306 2381 pro
1327 2334 1467 2369 dolore!
1496 2339 1657 2381 ereptus,
1686 2334 1724 2367 in
1751 2333 1872 2379 stirpis
1901 2334 2095 2368 corallinae
2119 2337 2327 2372 evolutione

271 2412 306 2440 et
329 2404 558 2445 formatione,
585 2408 662 2436 tam
691 2402 875 2446 ingeniose
905 2407 959 2435 est
980 2407 1228 2448 persequutus.
1252 2400 1311 2445 ⁷4)
1361 2400 1463 2435 Idem
1487 2411 1639 2447 quoque,
1668 2401 1763 2435 inter
1786 2412 1995 2447 processum
2019 2403 2264 2449 respirationis
2292 2413 2327 2441 et

271 2480 432 2519 systema
453 2481 661 2513 nervosrun,
684 2470 899 2505 relationem
923 2470 1106 2504 intellexit
1124 2481 1286 2515 gravem,
1314 2476 1350 2504 et
1373 2470 1513 2515 egregie
1536 2470 1716 2516 exposuit.
1738 2467 1796 2513 ⁷⁵)
1854 2468 1979 2515 Neque
2003 2470 2102 2506 aliud
2127 2473 2324 2520 quidquam

272 2542 500 2586 Doelhfiger,
518 2538 576 2584 ⁷⁶)
608 2545 644 2573 et
668 2538 718 2573 du
746 2538 907 2573 Trochet
926 2538 1015 2572 mihi
1037 2537 1307 2573 demonstrasse
1328 2537 1509 2573 videntur.
1529 2536 1587 2581 ⁷⁷)
1612 2557 1659 2562 —
1706 2536 1807 2579 Quae
1832 2549 1943 2584 quum
1966 2540 2017 2574 ita
2039 2540 2122 2583 sint,
2145 2542 2248 2578 nobis
2270 2556 2325 2579 rc-

272 2617 343 2647 stat
367 2610 496 2652 adhuc,
517 2608 764 2644 musculosum
787 2612 949 2651 systema
971 2607 1187 2652 conjungere
1211 2613 1247 2640 et
1276 2607 1483 2641 consociare
1511 2617 1592 2640 cum
1615 2617 1788 2648 nervoso;
1822 2607 1906 2653 quid
1938 2615 2060 2643 autem
2089 2609 2156 2645 hoc
2185 2611 2325 2649 facilius

273 2693 351 2717 esse
371 2678 507 2727 possit?
531 2678 607 2713 fieri
629 2678 801 2712 nimirum
824 2680 943 2723 potest
964 2686 1028 2722 per
1052 2681 1213 2720 systema
1236 2686 1399 2718 osseum,
1432 2675 1532 2720 cujus
1566 2686 1648 2710 cum
1671 2686 1848 2718 nervoso,
1879 2687 1974 2711 nunc
2005 2679 2242 2725 exposuimus
2269 2694 2326 2717 ra-

273 2752 409 2785 tionem
437 2759 545 2795 quam
577 2746 760 2788 intimam,
791 2756 934 2780 osseum
958 2750 1099 2788 autem,
1133 2756 1243 2791 quum
1277 2744 1473 2780 musculosi
1504 2744 1550 2778 sit
1581 2744 1735 2779 fulcrum
1764 2750 1800 2779 et
1832 2745 1968 2788 solum,
1997 2746 2081 2781 inde
2113 2750 2327 2786 concludere

273 2820 409 2868 possis,
446 2815 698 2853 secundariam
728 2815 821 2849 inter
852 2819 1044 2860 utrumque
1074 2813 1296 2848 intercedere
1324 2814 1555 2856 relationem3
1594 2813 1658 2849 sed
1689 2820 1743 2849 est
1775 2813 1894 2849 adhuc
1927 2816 2118 2863 primaria,
2150 2825 2325 2864 quatenus

273 2899 404 2937 nempe
426 2886 634 2932 systematis
663 2884 875 2926 musculosi,
904 2894 1102 2919 nervosum
1127 2889 1181 2919 est
1202 2889 1334 2926 rector3
1367 2883 1462 2929 quod
1495 2883 1686 2917 innumera
1717 2883 1969 2918 demonstrant
2000 2885 2095 2919 facta
2125 2892 2160 2920 et
2182 2891 2325 2936 experi-

427 3011 475 3051 ⁷⁰)
500 3009 602 3041 Carus
622 3011 656 3041 in
681 3008 802 3041 Goethe
823 3019 879 3039 zur
900 3007 1123 3049 Morphologie
1151 3007 1190 3038 Π.
1215 3009 1242 3038 1.
1265 3017 1336 3049 pag.
1357 3007 1407 3037 86.
1429 3013 1487 3038 etc.
1521 3008 1549 3045 ξ.
1571 3006 1625 3045 13,
1647 3006 1695 3038 15.

424 3070 473 3110 ⁷¹)
493 3067 776 3110 Untersuchungen
798 3067 874 3098 iiber
892 3066 1035 3098 anomale
1054 3065 1180 3098 Kohlen
1203 3067 1266 3098 und
1284 3064 1559 3107 Pigmentbildung
1580 3075 1643 3096 von
1670 3064 1764 3097 Karl
1782 3064 1914 3097 Fre'edr.
1935 3065 2126 3108 Heusinger.
2170 3069 2325 3103 Eisenach

573 3115 662 3145 1823.
702 3117 773 3147 8vo.
805 3126 876 3157 pag.
896 3117 946 3146 20.

428 3175 476 3216 72)
505 3174 647 3206 Tableau
669 3173 868 3204 elementaire
888 3173 1045 3205 d'histoire
1064 3173 1215 3203 naturelle
1236 3171 1291 3203 des
1310 3173 1468 3203 animaux.
1511 3171 1600 3202 Paris
1621 3182 1661 3203 an
1678 3171 1734 3203 VI.
1748 3190 1789 3196 —
1802 3173 1928 3212 Leqons
1950 3174 2134 3206 d'anatomie
2153 3179 2326 3219 compen-(ze.

572 3223 660 3253 Paris
679 3233 718 3252 an
739 3219 960 3252 vul—XIV.
1001 3222 1033 3252 V
1056 3229 1128 3252 tom.
1149 3220 1173 3251 Ι.
1195 3231 1266 3262 pag.
1286 3220 1336 3252 65.

430 3282 477 3322 ⁷³)
499 3280 605 3312 Ueber
632 3282 702 3311 eine
722 3290 802 3309 neue
824 3279 1026 3321 Eintheilung
1045 3280 1100 3311 der
1120 3279 1248 3316 Thiere,
1269 3281 1318 3310 in:
1341 3278 1486 3319 Beitriige
1509 3290 1564 3309 zur
1586 3278 1835 3321 Anthropologie
1858 3280 1921 3310 und
1943 3280 2150 3322 allgemeinen
2172 3281 2327 3326 Natus-ge-

571 3328 719 3360 schichte.
762 3326 867 3357 Berlin
896 3328 984 3357 1812.
1017 3338 1088 3369 pag.
1109 3327 1275 3357 81—106.

431 3387 478 3427 74“)
499 3387 676 3418 Handbuch
706 3386 760 3416 der
785 3384 1065 3426 Naturgeschichte
1093 3386 1147 3416 der
1178 3385 1374 3416 scelettlosen
1404 3383 1661 3426 ungegliederten
1691 3384 1818 3416 Thiere.
1869 3385 2004 3428 Leipzig
2033 3387 2122 3418 1820.
2153 3389 2224 3420 8vo.
2255 3401 2326 3432 pag.

575 3434 645 3466 345.
674 3438 701 3474 §-
726 3433 794 3465 140.
823 3444 893 3475 pag.
913 3433 983 3463 359.
1014 3436 1040 3472 ᾖ.
1062 3432 1130 3464 145.
1204 3433 1208 3436 ’

431 3493 479 3534 75)
501 3492 575 3523 ibid.
597 3503 668 3534 pag.
689 3493 757 3527 127.
781 3495 808 3531 ς.
830 3492 878 3522 55.
899 3510 939 3514 —
958 3501 1029 3532 pag.
1054 3490 1122 3522 140.
1146 3494 1173 3530 §-
1193 3491 1242 3522 62.

430 3551 479 3592 ⁷⁶)
500 3550 665 3581 Grundriss
686 3552 739 3582 der
760 3549 946 3582 Naturlehre
969 3550 1023 3581 des
1042 3549 1274 3582 menschlichen
1292 3549 1508 3592 Organismus.
1552 3548 1732 3592 Wiirzburg
1754 3549 1844 3581 1805.
1867 3550 1937 3581 Svo.
1958 3561 2030 3593 pag.
2052 3551 2102 3584 48.
2123 3555 2150 3592 ς.
2170 3553 2220 3585 94.

431 3609 480 3650 ⁷⁷)
507 3609 528 3641 l.
549 3621 575 3641 c.
599 3619 671 3651 pag.
691 3609 758 3641 160.
783 3619 855 3652 pag.
876 3609 945 3640 313.

1902 3672 1936 3708 D
