2574 4123
995 360 1586 413 mmm

275 504 476 537 constructi.
498 502 580 547 1⁵⁷)
630 501 835 548 Compressi
864 504 947 535 sunt
968 499 1174 546 paululum,
1205 501 1385 532 structura
1408 496 1617 542 granulosa,
1648 500 1684 529 et
1710 494 1820 530 ductu
1845 496 2035 532 vasculoso
2060 497 2153 532 inter
2177 508 2215 532 se
2239 510 2322 534 con-

268 571 395 615 juncti,
421 583 527 618 quem
548 570 741 618 perdoctus
763 571 820 606 vir
848 566 1101 605 Gravenhorst
1123 567 1214 602 bene
1233 567 1314 612 jam
1340 565 1518 611 cognovit.
1537 563 1619 609 1⁵⁸)
1682 565 1833 611 Egregie
1858 570 1979 600 autem
2003 567 2247 603 evolutionem
2269 569 2325 603 in-

272 641 466 686 vestigavit
490 639 681 687 perdoctus
706 641 763 676 vir
788 638 944 674 Rathke.
964 635 1045 681 1⁵9)
1094 637 1156 671 Ex
1179 636 1352 671 testiculis
1374 634 1554 682 prodeunt
1576 645 1668 669 vasa
1693 634 1902 677 deferentia,
1916 639 2077 671 tortuosa
2101 641 2136 671 et
2160 637 2325 673 flexuosa

271 708 359 744 Tab.
379 710 422 744 Π.
444 710 521 755 Fig.
542 713 598 744 12.
621 709 899 744 membranacea
923 706 1117 741 albicantia
1141 704 1220 749 (rr)
1245 716 1336 751 quae
1359 716 1441 739 cum
1467 704 1602 738 annulo
1624 703 1855 748 cartilagineo
1877 704 1915 738 in
1938 705 2098 740 cloacam
2121 712 2325 751 transeunt;

269 778 324 813 his
350 785 434 813 sunt
459 790 628 814 annexae
652 777 868 826 appendices
894 774 1437 821 glanduloso—membranaceae
1462 773 1538 818 Fig.
1566 775 1620 807 12.
1645 772 1748 817 (mx),
1771 783 1860 819 quas
1884 773 2031 819 quidem
2054 776 2245 821 perdoctus
2268 777 2326 813 vir

269 846 468 882 Rathke16
474 848 509 894 0)
533 848 724 883 humorem
748 851 973 882 secernentes
999 850 1130 887 censet,
1147 845 1207 891 qui
1232 844 1362 879 semini
1381 842 1540 878 accedat.
1590 842 1633 876 In
1657 843 1801 877 cloacae
1824 842 1957 877 orificio
1979 844 2216 890 triangulares
2242 853 2327 882 sunt

268 928 457 964 processus
481 917 553 952 duo
580 917 668 953 Tah.
692 916 735 951 Π.
761 915 837 961 Fig.
861 919 894 949 8.
920 914 1005 958 (nn)
1028 914 1104 959 Fig.
1135 916 1189 948 12.
1219 912 1302 960 (yy)
1324 924 1413 960 quos
1436 913 1493 948 vir
1516 911 1722 957 ingeniosus
1754 913 1872 947 Carus
1889 912 1930 932 1⁶
1937 910 1971 957 1)
2004 925 2135 960 penem
2167 914 2326 951 divisum

269 987 467 1029 existimat,
490 988 548 1023 vir
570 992 692 1022 autem
717 985 909 1032 perdoctus
932 983 1077 1018 Ratkke
1102 994 1254 1029 magnas
1277 982 1467 1028 glandulas
1489 981 1560 1023 ani,
1577 991 1627 1015 ex
1644 982 1832 1027 permultis
1857 983 2075 1028 compositas
2098 984 2222 1027 acinis,
2242 997 2327 1032 pro-

268 1060 382 1090 statas
415 1055 503 1091 Tab.
525 1056 568 1090 Π.
592 1055 670 1101 Fig.
697 1058 729 1089 8.
755 1053 836 1099 (oo)
860 1054 936 1099 Fig.
965 1056 1019 1087 12.
1052 1051 1142 1097 (ετ).
1187 1051 1270 1087 Non
1294 1063 1455 1098 possum,
1477 1051 1564 1097 quin
1588 1051 1769 1097 profitear,
1804 1051 1843 1085 in
1874 1050 1942 1085 hac
1973 1063 2202 1098 organorum,
2234 1065 2326 1100 quae

265 1129 449 1170 postremo
476 1125 660 1172 descripsi,
681 1123 989 1171 interpretatione,
1013 1134 1036 1157 a
1061 1122 1148 1158 viris
1174 1122 1244 1157 illis
1271 1121 1369 1164 data,
1391 1121 1567 1155 nonnulla
1592 1119 1806 1163 claudicare,
1831 1125 1867 1154 et
1889 1121 2039 1156 minime
2065 1122 2232 1157 distincte
2260 1134 2325 1159 ex-

264 1195 383 1240 posita
407 1204 502 1236 csse,
532 1205 643 1240 quum
672 1200 832 1229 ceterum
857 1191 1113 1238 glandularum
1140 1197 1272 1226 natura
1304 1197 1340 1225 et
1363 1191 1500 1226 functio
1531 1190 1569 1225 in
1598 1190 1787 1238 permultis
1817 1190 2035 1228 animalibus
2066 1191 2229 1229 nondum
2259 1204 2326 1230 ex·

266 1262 421 1309 plicatae
445 1264 526 1298 sint.
572 1263 791 1300 Barthole'no
817 1263 936 1298 denuo
961 1262 1093 1297 nostris
1119 1260 1246 1315 diebus
1271 1271 1428 1306 egemus.

1226 1438 1257 1485 ξ.
1309 1440 1366 1475 52.

412 1544 539 1579 Restat
563 1544 667 1580 nobis
691 1543 820 1587 adhuc,
838 1543 883 1579 de
905 1543 1113 1592 corporibus
1132 1542 1308 1579 disserere
1330 1544 1380 1578 sic
1398 1541 1501 1578 dictis
1518 1541 1676 1589 adiposis
1692 1552 1719 1577 s.
1735 1541 1877 1584 oleosis,
1899 1542 2015 1585 luteis,
2037 1542 2083 1578 de
2098 1544 2226 1590 quibus
2246 1546 2325 1591 Jam

269 1613 398 1658 Olzjger
412 1613 619 1648 Iacobaeus
638 1612 719 1658 1⁶²)
744 1620 780 1648 et
799 1614 1056 1661 lefbm'm'us
1077 1614 1244 1648 notitiam
1268 1613 1484 1655 habuerunt,
1499 1613 1540 1633 1⁶
1547 1610 1582 1657 ³)
1608 1612 1668 1658 qui
1690 1617 1813 1645 autem
1833 1610 2000 1646 distincte
2024 1612 2247 1649 functionem
2273 1615 2326 1649 in—

262 1683 462 1729 terpretari,
490 1683 590 1718 haud
612 1684 731 1718 conati
756 1689 850 1718 sunt.
899 1683 1039 1717 Nostris
1063 1689 1185 1717 autem
1207 1682 1333 1717 diebus
1355 1682 1562 1727 ingeniosus
1587 1681 1645 1716 vir
1673 1681 1801 1723 Carus,
1823 1679 1905 1725 ¹⁶⁴)
1929 1686 1965 1714 et
1987 1681 2181 1728 perdoctus
2206 1684 2326 1719 Rath-

261 1751 315 1794 ke,
330 1752 370 1772 ¹⁶
377 1750 411 1796 ⁵)
434 1758 603 1788 naturam
625 1764 750 1787 earum
775 1758 811 1786 et
832 1752 1054 1787 functionem
1080 1763 1265 1799 exponere
1280 1756 1531 1798 susceperunt;
1553 1750 1633 1793 sed,
1659 1762 1768 1796 quam
1794 1750 2038 1785 exhibuerunt
2056 1751 2110 1786 illi
2134 1752 2215 1795 viri,
2237 1753 2325 1788 mihi

263 1832 337 1855 non
366 1822 540 1855 satisfacit
572 1822 787 1868 explicatio,
817 1832 934 1867 neque
955 1833 1033 1856 rem
1057 1832 1205 1867 prorsus
1231 1820 1454 1861 absolutam,
1482 1821 1534 1854 ita
1556 1825 1597 1854 ut
1620 1819 1658 1853 in
1680 1820 1965 1855 controversiam
1988 1821 2113 1856 vocari
2139 1832 2213 1856 non
2243 1834 2325 1869 pos-

260 1890 317 1931 sit,
343 1901 481 1925 censeo.
534 1888 670 1932 Quibus
693 1896 815 1925 autem
840 1891 895 1925 usi
918 1896 1012 1933 sunt,
1037 1890 1126 1924 haec
1148 1895 1232 1925 sunt
1256 1893 1480 1935 argumenta.

407 1959 538 1994 Primo.
596 1959 756 2007 Corpora
775 1959 966 2006 glandulas
992 1960 1134 1994 renales
1158 1970 1232 1994 non
1258 1970 1347 1994 esse.

407 2027 584 2064 Secunda
645 2030 699 2064 Ob
725 2030 942 2064 matutinam
968 2029 1225 2070 evolutionem,
1254 2027 1301 2061 ad
1322 2026 1491 2071 cordylos
1514 2026 1677 2068 alendos,
1703 2025 1819 2073 adipis
1846 2036 1925 2061 esse
1950 2026 2124 2075 deposita.

407 2095 538 2131 Tertio.
588 2097 749 2132 Animali
774 2098 910 2140 adulto,
933 2109 998 2144 per
1022 2107 1191 2132 somnum
1213 2095 1404 2130 hibernum
1430 2093 1477 2142 (ξ.
1500 2093 1549 2141 3.)
1574 2107 1654 2130 esse
1680 2096 1913 2130 nutrimento.

257 2164 458 2213 Temporis,
482 2167 659 2213 spatiique
683 2167 883 2212 angustiae,
905 2165 1064 2201 breviter
1088 2177 1148 2200 me
1172 2165 1228 2201 his
1248 2164 1480 2212 respondere,
1500 2165 1639 2211 jubent.

404 2234 508 2278 Quod
534 2235 580 2271 ad
603 2237 760 2283 primum
784 2236 934 2278 adtinet,
957 2246 1007 2269 ex
1030 2236 1101 2271 viri
1125 2234 1347 2270 celeberrimi
1372 2234 1671 2277 Diemerbroeck,
1691 2231 1773 2279 ¹⁶⁶)
1797 2239 1833 2268 et
1850 2235 1966 2281 perill.
1988 2235 2138 2272 llIeckel
2153 2236 2193 2258 ¹⁶
2201 2238 2235 2283 ⁷)
2259 2251 2322 2275 au-

258 2306 432 2347 ctoritate,
454 2305 550 2352 quod
571 2307 727 2352 penitius
752 2305 870 2341 adhuc
893 2305 1165 2351 accuratiusque
1188 2305 1421 2339 examinetur
1447 2310 1482 2338 et
1503 2304 1774 2351 determinetur,
1790 2303 1940 2349 dignum
1962 2305 2052 2340 mihi
2076 2307 2231 2343 videtur.
2281 2309 2322 2345 In

258 2380 470 2419 argumento
493 2374 662 2416 secundo,
685 2375 915 2415 matutinam,
944 2375 1014 2407 nisi
1039 2384 1198 2418 prorsus,
1222 2374 1356 2418 partim
1381 2379 1517 2414 tamen,
1542 2373 1680 2406 infitior
1705 2373 1962 2407 evolutionem.
2003 2373 2243 2424 Summopere
2266 2380 2321 2413 ni-

260 2444 392 2477 mirum
420 2442 609 2490 perdoleo,
643 2454 702 2477 me
735 2453 940 2489 nunquam,
976 2453 1086 2488 quam
1116 2441 1268 2475 adnotat
1297 2441 1354 2476 vir
1390 2440 1583 2488 perdoctus
1614 2440 1779 2484 Rathke,
1820 2441 1956 2477 vidisse
1985 2444 2252 2491 evolutionem,
2288 2454 2323 2483 et

256 2513 417 2558 suspicor
439 2512 525 2554 fere,
549 2523 653 2546 renes
678 2512 716 2545 in
737 2512 838 2546 foetu
863 2522 945 2545 cum
970 2509 1067 2545 hisce
1097 2510 1304 2556 corporibus
1328 2521 1411 2544 eum
1435 2515 1672 2556 permutasse,
1695 2521 1738 2543 eo
1762 2511 1878 2555 magis
1908 2510 2038 2555 adhuc,
2068 2524 2179 2560 quum
2211 2528 2322 2566 supra

249 2583 328 2627 jam
357 2580 403 2626 (ξ.
416 2580 486 2625 42.)
509 2592 637 2615 renum
652 2579 940 2625 magnitudinem
956 2579 1175 2613 immensam
1197 2579 1235 2613 in
1258 2577 1427 2622 cordylis,
1450 2589 1516 2625 pro
1534 2578 1766 2624 pulmonibus
1780 2578 1943 2614 nondum
1961 2582 2116 2618 excultis
2131 2585 2320 2632 vicariam,

256 2650 520 2686 adnotaverim.
589 2649 653 2683 Vir
678 2648 870 2696 perdoctus
899 2646 1046 2681 Rathke
1074 2658 1123 2680 ex
1150 2647 1248 2681 hisce
1272 2646 1480 2693 corporibus
1502 2651 1579 2680 tam
1600 2647 1778 2681 matutine
1803 2649 1959 2684 excultis
1988 2656 2109 2696 partes
2144 2657 2318 2699 genitales

255 2721 378 2755 evolvi
401 2719 497 2761 dicit,
519 2718 616 2764 quod
639 2724 762 2752 tamen
785 2717 949 2752 similiter
972 2717 1150 2751 matutine
1172 2717 1249 2750 fieri
1275 2715 1468 2758 debuisset,
1498 2716 1653 2762 ipsemet
1677 2721 1800 2751 autem
1823 2722 1920 2751 recte
1942 2717 2143 2765 admonuit,
2166 2730 2207 2759 ut
2228 2737 2318 2762 non-

254 2791 361 2825 nullis
385 2790 533 2825 demum
556 2789 740 2825 mensibus
765 2792 858 2834 post,
880 2786 941 2821 ubi
965 2787 1074 2833 plane
1094 2786 1174 2831 jam
1200 2787 1389 2820 excultum
1411 2786 1458 2821 sit
1488 2785 1769 2828 animalculum,
1800 2786 1960 2833 primum
1987 2797 2110 2836 partes
2141 2795 2316 2839 genitales

253 2860 290 2894 in
315 2865 546 2907 conspectum
568 2859 729 2895 veniant.
751 2854 833 2902 1⁶3)
859 2857 898 2891 in
920 2867 1003 2902 quo,
1030 2857 1060 2890 si
1089 2855 1157 2890 hoc
1176 2855 1296 2890 dicere
1317 2855 1407 2890 mihi
1430 2855 1523 2897 licet,
1552 2854 1872 2892 inconcinnitatem
1894 2856 2014 2893 video.
2064 2859 2190 2908 Neque
2211 2865 2316 2903 intel-

404 2982 475 3018 ¹⁵⁷)
496 2982 647 3014 Meclzel‘s
668 2982 791 3015 Hdbch.
814 2982 844 3013 d.
867 2992 896 3024 p.
917 2983 955 3013 A.
978 2979 1002 3011 1.
1024 2991 1095 3021 pag.
1122 2979 1192 3012 190.
1215 2979 1255 3019 Π,
1276 2980 1303 3011 1.
1326 2989 1397 3021 pag.
1419 2978 1490 3010 215.

403 3043 412 3058 ¹
425 3040 471 3081 58)
490 3040 511 3071 l.
533 3052 559 3072 c.
581 3052 652 3082 pag.
671 3042 722 3071 28.

403 3099 471 3139 ¹⁵⁹)
492 3099 513 3130 l.
531 3110 558 3130 c.
579 3110 651 3141 pag.
673 3101 714 3129 22
736 3106 794 3131 etc·

401 3157 470 3198 ¹⁶⁰)
490 3157 509 3188 l.
532 3169 558 3188 c.

401 3217 470 3257 ¹⁶¹)
491 3215 655 3247 Zootomie
675 3226 747 3257 pag.
771 3213 841 3246 641.
863 3214 944 3246 Tab.
964 3214 1051 3246 XIII.
1073 3215 1140 3257 Fig.
1162 3214 1222 3246 311.

404 3275 471 3315 ¹⁶²)
492 3275 513 3306 l.
536 3287 562 3306 c.
584 3286 656 3317 pag.
680 3272 730 3305 48.
755 3272 834 3304 Tab.
857 3272 910 3304 ΠΙ.
932 3274 1001 3315 Fig.
1021 3274 1049 3305 5,

401 3332 469 3373 ¹⁶³)
487 3334 507 3364 l.
529 3345 555 3364 c.
579 3344 652 3376 pag.
673 3332 723 3362 68.
746 3331 826 3363 Tab.
849 3331 905 3363 IV.
927 3332 997 3375 Fig.
1017 3333 1047 3364 3.

402 3390 432 3407 ¹⁶
444 3391 470 3430 ⁴)
487 3391 652 3424 Zootomie
675 3402 746 3433 pag.
767 3388 837 3421 640.

400 3452 408 3465 ¹
420 3449 431 3465 ⁶
443 3449 468 3489 ἢ)
487 3449 508 3479 1.
532 3461 557 3479 c.

401 3507 469 3547 16ξ’)
490 3507 511 3538 l.
535 3519 560 3538 c.
582 3519 653 3549 pag.
676 3510 743 3539 182.

401 3565 468 3606 ¹⁶⁷)
490 3566 612 3597 Hdbch.
633 3566 661 3596 d.
683 3567 832 3599 menschl.
854 3566 1020 3597 Anatomie
1043 3564 1098 3596 IV.
1120 3577 1190 3607 pag.
1211 3565 1399 3597 506—509.

402 3624 468 3665 1Μί)
491 3625 510 3655 l.
534 3636 559 3656 c.
583 3635 654 3666 pag.
679 3623 727 3656 17.
