2574 4123
996 381 1191 392 m
1265 354 1326 407 19

268 501 353 535 que,
378 499 427 522 ex
453 496 533 524 cute
555 489 700 531 (lorsali,
724 488 754 523 F
756 489 800 534 ig.
824 489 855 525 7.
881 488 985 533 (kh.)
1009 489 1249 532 redeuntium,
1281 492 1436 536 sanguis.
1488 490 1588 533 Quae
1613 503 1723 538 quum
1748 493 1799 527 ita
1821 494 1902 535 sint,
1936 505 2052 530 venae
2074 496 2214 530 renales
2233 501 2317 539 tres,

267 558 435 593 laterales
460 558 553 593 duae
575 557 776 604 mediaque,
799 559 1029 601 conveniunt,
1054 565 1088 592 et
1113 570 1246 594 venam
1269 566 1455 606 portarum
1482 568 1703 607 componunt
1724 561 1801 607 Fig.
1829 562 1861 598 7.
1886 562 1950 607 (i)
1975 565 2030 598 cui
2056 564 2232 599 accedunt
2252 564 2316 600 ad-

265 627 354 671 huc,
385 637 503 663 venae
531 626 752 663 vertebrales
782 627 876 662 duae
905 627 981 672 Fig.
1006 627 1037 663 7.
1063 627 1224 673 (kkkk)
1250 635 1390 663 aortam
1414 628 1693 665 descendentem
1722 631 1998 676 amplectentes,
2022 633 2058 667 in
2081 644 2170 681 quas
2199 646 2317 670 venae

266 697 532 739 intercostales,
560 697 710 732 arterias
740 697 986 731 intel-costales
1017 703 1271 743 transgressae,
1304 700 1473 733 emittunt
1503 700 1715 744 sanguinem
1755 699 1831 745 Fig.
1857 700 1888 736 7.
1921 700 2065 746 (llll);
2097 703 2317 750 recipiuntur

267 775 400 811 autem,
428 767 498 801 nisi
519 766 637 809 fallor,
661 778 683 801 a
707 778 802 802 vena
826 777 928 805 cava,
954 777 1042 812 quas
1065 778 1160 801 nunc
1185 769 1481 811 commemoravi,
1506 779 1623 803 venae
1646 770 1877 805 vertebrales.
1927 770 2029 805 Vena
2053 778 2239 818 portarum
2261 772 2316 818 (i)

266 838 315 873 ad
336 838 459 872 loblun
475 835 646 881 jecinoris
669 834 885 882 quadratum
908 835 1142 882 proficiscitur
1167 835 1255 871 Tab.
1278 836 1322 870 II.
1348 836 1424 883 Fig.
1448 839 1481 872 5.
1506 836 1587 881 (e).

411 907 483 942 Sed
508 906 758 952 magnificatur
786 904 903 939 adhuc
934 916 1031 940 vena
1061 911 1259 952 portarum,
1283 917 1418 952 magna
1445 917 1542 942 vena
1573 907 1991 954 hepatico-ahdominali
2012 909 2100 945 Tab.
2125 911 2152 945 1.
2184 912 2260 957 Fig.
2284 915 2318 947 3.

265 977 366 1022 (oo)
386 988 478 1023 quae
501 977 538 1011 in
561 976 768 1023 peritonaeo
790 974 972 1021 duplicato
994 975 1080 1017 sita,
1110 975 1309 1022 peritonaei
1341 981 1376 1010 et
1404 977 1546 1011 vesicae
1575 977 1756 1012 urinariae
1778 978 1921 1014 venulis
1945 979 2200 1015 conformatur.
2250 981 2319 1016 Ja-

265 1046 455 1081 cobsom’us
485 1055 672 1089 „venam
698 1043 1040 1078 abdominalem
1065 1045 1366 1080 anteriorem”
1396 1046 1609 1081 nominavit.
1662 1047 1864 1082 Peritonaei
1887 1050 2052 1093 venulas,
2072 1051 2110 1085 in
2132 1048 2318 1098 hepatico-

266 1116 534 1151 abdominalem
562 1118 816 1159 transgressas,
837 1113 936 1148 haud
960 1114 1112 1159 exiguas
1135 1125 1226 1156 esse,
1252 1117 1381 1161 quarta
1402 1115 1490 1150 Tab.
1515 1115 1558 1150 II.
1582 1117 1695 1161 figura
1717 1115 1953 1152 demonstrat.
1977 1137 2026 1143 ——

415 1184 517 1218 Vena
544 1188 731 1227 portarum
763 1183 813 1217 sic
843 1184 880 1217 in
911 1183 1042 1229 hepate
1071 1189 1293 1226 constructa,
1333 1184 1469 1218 recedit
1500 1184 1612 1231 hepar
1646 1184 1926 1230 quodammodo.
1956 1207 2004 1212 —
2065 1189 2167 1223 Vena
2198 1195 2320 1224 autem

264 1253 353 1288 Tah.
376 1253 419 1287 Π.
449 1253 480 1287 F
483 1254 526 1298 ig.
553 1254 574 1286 4
599 1258 634 1286 et
659 1253 691 1287 ὃ.
713 1251 814 1295 (cc)
837 1252 873 1285 in
899 1263 1034 1287 venam
1060 1264 1190 1287 cavam
1214 1259 1452 1299 permutatur,
1478 1260 1532 1288 est
1553 1254 1724 1288 nimirum
1746 1266 1843 1290 vena
1865 1268 1968 1299 cava,
1993 1268 2117 1293 saccus
2140 1258 2320 1293 membra-

266 1334 410 1364 naceus,
434 1323 589 1364 eonieus,
611 1322 728 1355 tenuis
751 1320 839 1354 Tab.
860 1321 920 1355 III.
944 1321 974 1355 F
976 1322 1020 1367 ig.
1043 1321 1075 1357 7.
1098 1317 1169 1366 (in)
1193 1322 1284 1356 atrio
1306 1322 1498 1356 immersus
1525 1321 1612 1356 Tab.
1633 1323 1675 1356 Π.
1698 1323 1775 1368 Fig.
1795 1327 1825 1366 1,
1853 1325 1929 1370 Fig.
1954 1329 1986 1361 2.
2008 1327 2114 1371 (εἰῶ).
2165 1327 2206 1361 In
2227 1327 2321 1362 hane

265 1402 400 1428 venam
428 1402 570 1433 cavam,
597 1396 785 1425 transeunt
808 1402 925 1426 venae
950 1392 1178 1438 pulmonales
1202 1391 1290 1425 Tab.
1317 1391 1359 1424 11.
1386 1391 1418 1425 F
1419 1391 1463 1436 ig.
1481 1394 1513 1425 8.
1539 1391 1576 1425 in
1599 1391 1711 1425 latere
1733 1394 1948 1439 pulmonum
1973 1396 2074 1437 sitae,
2096 1395 2119 1438 (
2116 1398 2183 1441 cc)
2207 1408 2320 1432 venu-

267 1462 310 1496 lis
335 1461 552 1496 transversis
575 1459 701 1495 divisis
725 1466 761 1494 et
780 1460 965 1495 bifurcatis
990 1472 1125 1497 novem
1150 1461 1209 1496 vel
1235 1459 1439 1503 duodecim,
1464 1460 1722 1503 conformatae,
1744 1463 1796 1497 ita
1820 1471 1859 1497 ut
1883 1475 1975 1499 vasa
1999 1475 2133 1510 magna
2155 1466 2238 1508 sint,
2263 1479 2320 1501 ra-

266 1532 364 1565 tione
386 1530 520 1572 habita,
543 1529 590 1564 ad
614 1529 900 1574 magnitudinem
924 1529 1150 1577 pulmonum.
1174 1549 1223 1553 -—

1200 1691 1232 1738 ξ.
1282 1696 1338 1727 33.

415 1797 520 1840 Quod
545 1796 593 1830 acl
619 1808 709 1831 vasa
734 1796 957 1842 lymphatica
980 1797 1119 1838 attinet,
1141 1797 1240 1832 haud
1261 1797 1532 1833 dissimulanter
1555 1798 1737 1839 confiteor,
1759 1809 1818 1832 me
1839 1810 1912 1834 non
1938 1801 2177 1847 inquisivisse,
2211 1813 2322 1849 quum

268 1866 514 1913 investigandi
540 1877 611 1900 non
635 1866 723 1900 satis
748 1864 979 1901 dexteritatis
1001 1865 1091 1900 mihi
1106 1867 1261 1902 confisus
1287 1868 1367 1902 sim.
1420 1866 1537 1909 Quam
1561 1866 1606 1902 ob
1627 1878 1716 1910 rem,
1733 1868 1855 1914 qualia
1871 1869 1953 1913 sint,
1969 1869 2168 1916 dijudicare
2188 1878 2224 1907 et
2239 1883 2322 1908 con-

266 1939 414 1973 stituere
437 1948 511 1972 non
536 1936 663 1970 ausim.
685 1955 733 1960 -—-

1221 2040 1253 2087 ξ.
1303 2045 1360 2076 34.

414 2145 470 2180 Ab
495 2145 656 2192 opusculi
680 2144 829 2180 consilio
854 2142 953 2179 haud
978 2144 1137 2181 alienum
1161 2146 1250 2181 mihi
1275 2158 1354 2182 esse
1379 2146 1534 2190 videtur,
1557 2145 1675 2182 cordis
1701 2146 1967 2192 formationem,
1996 2151 2176 2197 totiusque
2209 2158 2324 2197 syste-

267 2216 374 2251 matis
400 2216 581 2251 vasculosi
604 2215 779 2249 fabricam
802 2215 914 2250 satius
940 2221 1048 2262 atque
1068 2217 1225 2263 penitius
1246 2218 1454 2263 paululum,
1486 2218 1517 2252 si
1541 2217 1642 2258 licet,
1670 2216 1909 2252 considerare.
1960 2217 2035 2253 Viri
2062 2220 2170 2255 illust.
2201 2221 2325 2257 wede-

266 2299 390 2328 mann,
411 2284 470 2330 9⁵)
504 2285 736 2328 Treviranus,
755 2283 813 2329 9⁶)
836 2284 985 2319 Meckel
1000 2284 1059 2330 9⁷)
1085 2285 1130 2320 de
1155 2286 1272 2321 cordis
1294 2287 1398 2322 varia
1418 2287 1646 2329 formatione,
1677 2292 1712 2320 et
1736 2299 1800 2333 per
1821 2298 1973 2333 regnum
2001 2290 2170 2332 animale,
2201 2292 2326 2326 evolu-

267 2356 364 2389 tione
394 2355 626 2389 instituerunt
657 2354 940 2390 observationes.
997 2355 1236 2397 Tae‘edemamz‚
1265 2355 1540 2391 Batrachiorum
1568 2356 1746 2402 imprimis
1778 2368 1858 2397 cor,
1890 2356 2046 2391 formam
2080 2360 2325 2395 transitoriam

267 2425 360 2458 inter
382 2435 443 2457 cor
464 2423 722 2457 molluscarum
748 2428 783 2455 et
807 2421 963 2468 piscium
985 2423 1180 2465 constituit,
1205 2429 1312 2470 atque
1338 2423 1520 2470 exposuit,
1548 2424 1664 2470 pisces
1687 2423 1873 2467 dextrmn,
1905 2426 2098 2461 molluscas
2129 2427 2326 2474 (cochleas)

267 2494 453 2528 sinistrum
475 2490 716 2533 solummodo,
734 2492 959 2538 superiorum
982 2492 1196 2527 animalium
1215 2491 1355 2538 (avium
1379 2499 1414 2527 et
1436 2492 1705 2536 mammalium)
1722 2493 1855 2528 habere
1879 2505 1951 2536 cor,
1966 2506 2186 2542 quamquam
2212 2508 2325 2533 unum

266 2560 520 2597 tantummodo
543 2561 693 2602 atrium,
725 2561 922 2606 unicusque
951 2561 1173 2595 ventriculus
1206 2561 1312 2595 adsit.
1362 2560 1403 2595 In
1428 2572 1497 2607 quo
1521 2561 1636 2606 legem
1657 2562 1851 2608 repetitam
1874 2561 1982 2597 video
2011 2565 2325 2614 crystallographi-

267 2643 365 2673 cam,
396 2641 418 2665 a
445 2634 678 2677 praeceptore
703 2627 937 2663 dilectissimo
964 2629 1093 2674 'Vl'i'fS’
1118 2630 1511 2676 crystallographoriun
1535 2631 1707 2676 principe,
1729 2635 1806 2664 tam
1828 2631 2013 2676 ingeniose
2038 2635 2245 2680 expositam
2271 2643 2325 2671 at-

268 2711 337 2747 que
359 2700 558 2734 innumeris
579 2697 804 2732 documentis
826 2696 1064 2739 affirmatam,
1093 2697 1230 2733 formas
1255 2697 1463 2733 dimidiatas
1486 2697 1756 2744 (hemiedricas)
1780 2710 1846 2746 pro
1868 2700 2016 2745 integris
2038 2702 2158 2738 locum
2180 2704 2324 2740 habere.

266 2768 408 2804 Eadem
429 2778 547 2803 venae
577 2778 690 2802 cavae
714 2766 884 2801 formatio
906 2772 942 2801 et
974 2767 1011 2801 in
1035 2766 1161 2801 Sirene
1185 2773 1220 2801 et
1244 2767 1373 2803 Proteo
1399 2769 1560 2810 inventa,
1582 2768 1620 2802 in
1642 2768 1762 2803 Lutris
1785 2774 1821 2802 et
1842 2768 1969 2804 Phocis
1991 2772 2181 2818 repetitur,
2212 2774 2264 2809 ita
2286 2782 2325 2810 ut

267 2838 323 2873 his
348 2838 394 2873 sit
417 2841 644 2884 prototypus.
661 2833 720 2880 9⁹)
770 2835 889 2881 Supra
920 2834 967 2883 (ξ.
994 2834 1065 2882 11.)
1097 2836 1378 2872 Salamandram
1410 2837 1458 2872 ad
1482 2837 1629 2872 Saurios
1660 2837 1970 2874 consideravimus
1995 2852 2077 2875 cum
2103 2842 2325 2879 Tc'edemmm

267 2907 512 2942 transitoriam
534 2906 690 2940 formam
716 2911 752 2940 et
782 2903 813 2952 ξ.
839 2908 892 2942 19.
919 2907 1129 2951 systematis
1150 2906 1244 2942 ossei
1266 2918 1348 2942 cum
1367 2908 1559 2942 vasculoso
1579 2906 1738 2942 vidimus
1761 2918 1982 2950 connexum,
2013 2920 2109 2944 nunc
2131 2914 2324 2958 quaeritur.

268 2987 356 3010 num
379 2986 519 3021 quoque
543 2976 582 3009 in
605 2975 797 3010 vasculoso
822 2981 1014 3020 appareat:
1043 2974 1325 3011 salamandram
1354 2987 1377 3010 a
1397 2976 1596 3011 Batrachiis
1622 2974 1670 3010 ad
1694 2975 1842 3010 Saurios
1867 2987 1946 3011 esse
1975 2980 2221 3016 transitoriam
2252 2984 2323 3018 for-

267 3044 391 3080 mam'l
422 3055 504 3078 eam
527 3055 616 3086 esse,
638 3054 689 3090 ex
711 3050 835 3079 aortae
859 3045 1076 3080 formatione
1101 3045 1241 3080 elucere
1263 3044 1417 3081 videtur.
1467 3045 1507 3079 In
1531 3045 1629 3080 ranis
1653 3045 1824 3079 nimirum
1849 3051 1990 3081 aortam
2013 3046 2182 3092 divisam,
2206 3050 2323 3095 dupli-

267 3126 347 3149 eem
372 3114 524 3152 scimus.
557 3113 701 3160 qualem
730 3112 912 3158 depictam
942 3114 1112 3151 videmus
1142 3126 1165 3149 a
1194 3115 1273 3150 viro
1303 3114 1590 3160 ingeniosissimo
1621 3115 1754 3156 Carus,
1774 3112 1833 3159 99)
1861 3114 1898 3148 in
1929 3113 2171 3153 Salamandra
2201 3126 2322 3155 autem

267 3190 403 3226 nostra,
426 3183 471 3218 ab
496 3182 597 3217 initio
620 3182 849 3217 solummodo
873 3182 1050 3225 devisam,
1075 3189 1161 3219 tune
1185 3183 1222 3219 in
1248 3195 1358 3219 unam
1382 3184 1590 3220 confluxam
1613 3190 1766 3226 aortam,
1793 3183 2102 3230 quemadmodum
2127 3199 2170 3223 ao
2191 3189 2229 3223 in
2254 3190 2322 3225 La-

269 3253 375 3288 eertis
398 3252 685 3288 observavimus.
735 3249 782 3297 (ξ.
809 3250 882 3296 31.)

421 3353 469 3395 ⁴³⁵)
491 3354 512 3386 Ι.
532 3366 558 3386 c.
578 3362 649 3396 pag.
673 3354 724 3385 23.
745 3361 803 3385 etc.

421 3408 470 3448 ⁹⁶)
488 3407 637 3450 Biologie
656 3407 679 3439 Ῑ.
699 3419 772 3451 pag.
795 3407 866 3442 247.
886 3408 944 3447 IV,
966 3419 1037 3451 pag.
1057 3411 1127 3440 233.

421 3462 471 3502 ⁹⁷)
491 3461 614 3493 Hdbch.
637 3463 668 3493 d.
689 3474 720 3504 p.
742 3464 781 3494 A.
804 3462 827 3493 I.
847 3474 920 3505 pag.
944 3462 1014 3499 423,
1036 3462 1107 3494 445.

422 3515 470 3556 ⁹⁸)
490 3515 641 3546 Meckeee
657 3516 784 3548 Hdbch.
808 3518 838 3548 d.
862 3529 893 3560 p.
917 3518 956 3549 A.
978 3517 1002 3548 Ι.
1023 3529 1097 3560 pag.
1120 3517 1190 3549 422.

421 3570 470 3609 ⁴³⁹)
492 3569 644 3611 Zwanzig
664 3568 882 3613 Kupsertafeln
903 3571 995 3603 nebst
1023 3572 1121 3603 deren
1142 3572 1320 3614 Erkliirung
1341 3585 1396 3605 zur
1417 3572 1587 3604 Zootomie
1616 3584 1678 3605 von
1702 3572 1758 3606 Dr.
1786 3573 1818 3604 C.
1846 3573 1885 3604 G.
1910 3573 2021 3605 Carus.
2043 3574 2119 3606 ibid.
2142 3575 2221 3608 Τιώ-
2236 3575 2323 3609 XIII.

565 3618 634 3660 Fig.
655 3619 684 3648 8.
705 3631 777 3660 pag.
796 3620 845 3651 30.

1852 3672 1881 3706 E
1908 3675 1928 3706 2
