2574 4123
938 997 1251 1095 Caput
1317 999 1742 1096 primum.

724 1394 1247 1447 Salamandrae
1314 1396 1717 1447 terrestris
1784 1398 1950 1446 vita.

305 1633 385 1709 N
388 1674 500 1717 eseio,
529 1674 658 1710 Lector
679 1675 873 1721 benevole,
901 1687 949 1713 an
978 1678 1075 1715 idem
1099 1679 1179 1715 Tibi
1205 1681 1408 1726 contigerit,
1438 1679 1535 1727 quod
1560 1678 1648 1714 mihi
1670 1679 1708 1712 in
1732 1678 1811 1713 vita
1832 1687 2104 1724 saepemunero,
2126 1676 2164 1711 id
2186 1677 2369 1719 nimirum,

307 1752 348 1779 ut
372 1749 423 1781 rei
442 1749 594 1794 alicujus
617 1750 757 1783 ratione
783 1756 891 1796 atque
912 1757 1043 1787 natm-a
1067 1752 1190 1797 dubia,
1211 1754 1440 1794 miraculosa,
1463 1757 1674 1798 portentosa
1699 1755 1836 1796 captus,
1864 1760 1939 1784 non
1960 1761 2117 1796 possem,
2140 1750 2227 1796 quin
2247 1761 2370 1786 rever-

306 1821 417 1859 terer,
447 1816 512 1851 sed
533 1819 665 1852 iterum
689 1819 892 1865 iterumque
921 1825 1095 1866 captarer.
1123 1839 1173 1845 ——
1223 1819 1324 1862 Quae
1347 1832 1458 1867 quum
1482 1820 1533 1853 ita
1565 1820 1654 1861 sint,
1683 1817 1914 1866 inquirendo,
1943 1818 2190 1866 explorando,
2218 1831 2370 1866 percun-

306 1885 438 1919 ctando
459 1886 629 1920 tenebrae
651 1887 740 1921 mihi
762 1894 847 1922 sunt
869 1887 1077 1935 dissipatae,
1107 1895 1148 1923 ut
1170 1890 1224 1924 rei
1244 1901 1372 1924 veram
1396 1900 1648 1934 cognoscerem
1674 1889 1843 1936 speciem,
1871 1887 2097 1933 eandemque
2119 1888 2309 1934 pulchram
2335 1894 2371 1924 et

306 1953 452 1997 bonam,
477 1965 606 2001 neque,
630 1957 752 1990 nescio
779 1968 900 2003 quam,
928 1958 1072 2004 reliquit
1096 1959 1185 1992 mihi
1202 1960 1388 2003 jejunitas,
1409 1958 1473 1992 sed
1498 1957 1659 1992 studium
1681 1957 1802 2002 potius
1824 1956 1938 2001 ignoti
1959 1956 2048 1991 mihi
2071 1963 2106 1991 et
2127 1957 2290 1993 nondum
2314 1959 2369 1994 in-

304 2023 447 2057 tellecti.
497 2023 541 2058 In
562 2035 632 2070 quo
651 2024 808 2060 Socratis
835 2031 1006 2071 sequutus
1029 2037 1110 2060 sum
1133 2027 1342 2061 consilium:
1364 2023 1442 2060 δεῖν
1461 2022 1532 2071 γὰρ
1558 2025 1639 2071 περὶ
1665 2021 1767 2058 αὐτὰ
1785 2020 1828 2059 ἕν
1853 2020 1895 2068 γέ
1916 2038 1954 2058 τι
1978 2021 2123 2059 τούτων
2143 2023 2368 2074 διαπράξασ-

305 2091 392 2134 θαι,
418 2090 440 2135 ἢ
459 2091 607 2137 μαθεῖν
633 2088 703 2136 ὅπη
723 2091 810 2138 ἔχει,
833 2091 855 2137 ἢ
879 2091 1012 2141 ιεὑρεῖν,
1040 2093 1073 2137 ἢ,
1098 2095 1132 2129 εἰ
1155 2094 1283 2130 ταῦτα
1304 2092 1510 2137 ἀδύνατον,
1532 2091 1600 2128 τὸν
1623 2093 1717 2139 γοῦν
1731 2090 1935 2137 βέλτιστον
1955 2092 2029 2128 τῶν
2044 2092 2295 2142 ἀνθρωπίνων
2312 2093 2371 2131 λό-

303 2174 380 2205 γων
405 2159 586 2204 λαβόντα
609 2163 679 2197 καὶ
703 2160 1086 2207 δυςεξελεγκτότατον
1110 2165 1168 2199 ἐπὶ
1193 2162 1335 2200 τούτου
1361 2161 1573 2211 ὀχούμενον
1595 2161 1711 2211 ὥσπερ
1737 2164 1795 2199 ἐπὶ
1820 2162 1967 2209 σχεδίας
1992 2161 2270 2200 κινδυνεύοντα
2290 2163 2370 2200 δια-

304 2230 465 2267 πλεῦσαι
494 2229 562 2266 τὸν
592 2230 705 2275 βίον,
735 2233 771 2267 εἰ
795 2230 851 2279 μή
880 2246 937 2275 τις
968 2231 1125 2269 δύναιτο
1147 2231 1423 2282 ἀσφαλέςτερον
1447 2235 1518 2269 καὶ
1540 2230 1836 2280 ἀκινδυνότερον
1859 2234 1918 2269 ἐπὶ
1941 2231 2205 2282 βεβαιοτέρου
2231 2233 2372 2281 ὀχήμα-

304 2314 368 2340 τος
394 2300 416 2344 ἢ
440 2298 559 2345 λόγου
580 2300 694 2337 θείου
717 2299 820 2343 τινὸς
841 2300 1156 2349 διαπορευθῆναι.
1180 2307 1214 2344 ¹)
1266 2304 1371 2345 Quod
1384 2304 1531 2350 quidem
1546 2305 1674 2338 nonin
1696 2305 1780 2339 avia
1802 2315 1862 2339 me
1883 2304 2002 2347 duxit,
2023 2300 2101 2338 ἀλλ’
2127 2305 2185 2338 ἐπὶ
2205 2303 2248 2338 τὸ
2273 2303 2372 2339 πολι)

306 2366 467 2413 πέλαγος
485 2367 745 2415 τετραμμένος
770 2369 841 2402 τοῦ
865 2367 1003 2403 καλοῦ.
1023 2368 1060 2416 ²)
1107 2370 1210 2406 Idem
1237 2382 1378 2418 quoque
1408 2383 1490 2407 cum
1514 2372 1775 2416 Salamandra,
1805 2373 1895 2407 mihi
1917 2374 2081 2418 contigit,
2110 2373 2240 2409 Lector
2262 2374 2370 2409 bene-

306 2441 401 2482 vole,
427 2440 505 2485 quis
528 2440 625 2472 enim
648 2445 713 2481 est,
738 2439 797 2485 qui
819 2439 1007 2481 miracula,
1038 2446 1206 2485 portenta
1228 2441 1311 2474 huic
1333 2440 1507 2475 bestiolae
1531 2441 1650 2481 illata,
1671 2439 1797 2474 fabula
1818 2440 1976 2486 insuper,
1996 2442 2242 2488 temporisque
2266 2455 2370 2490 prae-

306 2509 455 2555 terlapsi
477 2507 671 2542 traditione
693 2508 847 2549 sancita,
869 2506 1029 2541 nesciat?
1050 2526 1100 2532 —-
1122 2507 1283 2552 Magicos
1305 2506 1509 2552 transgredi
1534 2507 1666 2541 limites
1688 2507 1788 2550 istos,
1811 2513 1847 2542 et
1871 2519 2106 2556 quaecunque
2127 2510 2216 2554 vidi,
2241 2512 2371 2548 Lector

305 2578 483 2613 benevole
504 2576 584 2611 Tibi
607 2587 787 2618 enarrare,
817 2581 992 2622 quantum
1014 2577 1091 2610 fieri
1115 2581 1246 2622 potest,
1275 2576 1403 2611 sedulo
1431 2581 1467 2609 et
1489 2582 1666 2620 accurate,
1694 2582 1845 2613 conatus
1866 2588 1959 2621 sum,
1991 2584 2027 2614 et
2049 2580 2149 2627 operi
2179 2581 2210 2616 si
2230 2581 2370 2625 faveas,

307 2646 471 2693 ejusdem
500 2657 596 2680 nunc
626 2656 829 2692 proponam
852 2643 933 2679 Tibi
957 2643 1248 2691 dispositionem:

453 2715 614 2750 Primum
641 2713 905 2748 salamandrae
925 2714 1104 2749 terrestris
1128 2713 1317 2749 historiam
1342 2714 1560 2757 natiualem,

453 2783 586 2818 deinde
608 2782 783 2818 bestiolae
805 2782 952 2818 adultae
975 2784 1199 2819 anatomiam
1222 2789 1259 2818 et
1282 2783 1547 2831 physiologiam
1572 2782 1652 2819 Tibi
1677 2795 1874 2831 exponere,
1905 2801 1908 2807 =

450 2854 604 2899 denique
629 2853 834 2897 mysticam,
863 2852 1101 2897 symbolicam
1125 2854 1331 2889 fabulosam
1356 2854 1433 2899 ejus
1456 2853 1644 2888 historiam
1672 2852 1752 2888 Tibi
1774 2865 1943 2888 enarrare
1968 2853 2131 2890 studebo.
2152 2875 2200 2883 ·—-

454 2922 753 2958 Benevolentiam
775 2922 894 2959 Tuam
918 2923 1103 2970 acquiram
1127 2923 1293 2967 sortasse,
1323 2934 1432 2970 quam
1456 2933 1640 2958 summiun
1663 2922 1795 2957 laboris
1818 2924 1975 2970 pretiiun
2000 2924 2229 2962 existimabo.
2253 2948 2300 2953 ——

1283 3086 1315 3133 ξ.
1350 3091 1382 3122 2.

453 3189 760 3225 Salamandra
796 3194 1033 3228 terrestris
1064 3194 1143 3229 sive
1178 3194 1414 3228 maculosa
1453 3192 1666 3239 antiquitate
1703 3190 1896 3238 medioque
1928 3203 2022 3227 aevo
2059 3192 2284 3237 fabularum,
2322 3194 2369 3229 de

310 3259 437 3306 quibus
463 3260 558 3295 infra
586 3260 704 3295 adhuc
729 3259 922 3304 disseram,
957 3262 1058 3297 dedit
1082 3262 1286 3297 auctoribus
1312 3264 1548 3298 occasionem.
1601 3261 1779 3297 Classicos
1805 3272 1901 3296 nunc
1926 3261 2062 3304 adhuc,
2097 3263 2240 3298 silentio
2265 3275 2368 3311 prae-

309 3329 519 3371 termittam,
541 3335 578 3364 et
599 3341 622 3365 3
644 3330 875 3377 scriptoribus
897 3331 1008 3366 medii
1030 3333 1113 3367 aevi
1137 3332 1338 3381 praecipuis
1363 3332 1681 3383 sumaminitiiun.
1706 3351 1754 3359 -

463 3513 489 3553 ¹)
519 3513 644 3544 Platon.
668 3512 783 3545 Phaed.
807 3516 856 3546 ed.
878 3514 1052 3554 Heindorf
1096 3515 1200 3547 Berol.
1227 3517 1306 3547 1810
1320 3494 1397 3559 pag.
1422 3517 1490 3551 127.

459 3571 488 3612 ²)
511 3571 635 3603 Platon.
656 3570 786 3603 Conviv.
809 3575 857 3604 ed.
879 3581 1027 3616 sterotyp.
1047 3575 1115 3617 lips.
1138 3586 1210 3617 pag.
1230 3575 1301 3606 265.
1324 3597 1327 3601 .
