2574 4123
1182 500 1213 545 ξ.
1265 502 1322 536 35.

370 641 424 675 De
449 638 774 673 Salamandrarum
806 634 1055 681 aquaticarum
1089 634 1125 666 in
1152 630 1309 676 cordylis
1336 630 1521 676 sanguinis
1547 630 1797 672 circulatione,
1828 631 2101 667 observationes
2125 632 2290 675 instituit,

223 711 385 757 egregius
417 709 591 751 Ruscom‘,
621 719 711 754 quas
745 705 892 753 quidem
925 705 963 738 in
995 702 1159 738 candidis
1184 702 1366 748 opusculis
1397 701 1484 743 suis,
1507 700 1695 735 nobiscum
1718 702 2011 737 connnunicavit.
2036 701 2118 746 Ι00)
2190 700 2292 736 Idem

223 769 375 827 quoquc,
396 780 433 814 in
450 776 775 813 Salamandrarum
801 774 1026 809 terrestrium
1053 771 1210 816 cordylis
1235 769 1501 812 considerandi,
1522 769 1611 825 milii
1626 771 1767 804 occasio
1783 769 1871 805 data
1896 777 1960 806 est.
1998 771 2122 818 Cujus,
2141 782 2225 806 eam
2248 771 2293 805 ob

222 861 389 884 caussam
412 848 635 884 mentionem
657 847 736 888 feci,
768 851 809 880 ut
834 843 1002 886 eandem,
1031 842 1245 885 arteriarum
1271 852 1290 874 e
1315 840 1423 875 corde
1445 839 1573 874 videas
1600 840 1793 884 originem,
1827 846 1863 874 et
1885 842 1915 876 si
1940 842 2120 876 Ruscom'c'
2140 843 2293 887 figuram

222 919 327 966 (Tab.
350 920 410 953 ΠΙ.
434 919 510 964 Fig.
531 916 580 962 9.)
603 928 685 951 cum
708 915 841 950 nostris
865 914 911 960 (F
913 915 957 959 ig.
985 913 1006 949 7
1011 910 1077 956 .8.)
1103 922 1303 958 compares,
1327 921 1420 945 mox
1444 909 1634 955 intelliges,
1658 909 1837 945 branchiis
1863 909 2053 954 obsoletis,
2083 922 2175 946 vasa
2197 921 2294 944 rece-

223 989 310 1024 dere
334 995 368 1023 et
393 989 595 1035 geniculato
618 986 773 1021 curvari.
810 984 1026 1019 verosimile
1052 982 1140 1016 mihi
1165 993 1243 1016 esse
1266 980 1422 1023 videtur,
1444 980 1482 1013 in
1503 981 1603 1014 ranis
1629 978 1763 1014 adultis
1788 980 1885 1014 idem
1909 981 1996 1022 fieri,
2021 992 2149 1027 neque,
2171 980 2295 1026 quales

227 1059 482 1095 Swamerdam
512 1056 709 1092 observare
743 1055 916 1094 voluerit,
949 1059 1087 1087 restare
1111 1051 1266 1086 nodulos
1288 1051 1369 1094 Ι01)
1404 1050 1579 1094 originem
1609 1049 1824 1084 arteriarum
1855 1050 2119 1085 branchialium
2147 1060 2295 1097 prorsus

224 1129 468 1165 obsoletarum
503 1127 763 1172 significantes;
795 1130 829 1159 et
865 1122 1140 1164 Stemheomm,
1179 1125 1356 1168 quantum
1386 1124 1611 1165 compertum
1641 1118 1778 1161 habeo,
1819 1119 1906 1154 nihil
1941 1120 1987 1155 de
2015 1120 2083 1155 hac
2115 1131 2153 1155 re
2183 1118 2296 1154 adno-

224 1199 326 1235 tavit.
350 1199 363 1219 ¹
372 1200 390 1220 0
396 1199 431 1241 ²)

1192 1354 1222 1400 ξ.
1274 1356 1330 1390 36.

373 1492 428 1526 Ita
458 1492 498 1526 fit
527 1502 591 1538 per
626 1496 742 1524 totum
765 1487 1031 1524 Salamandrae
1061 1485 1238 1520 terrestris
1270 1496 1400 1532 corpus
1426 1485 1612 1530 sanguinis
1643 1485 1847 1527 circulatio,
1882 1492 1921 1520 ut
1953 1497 2018 1533 per
2045 1497 2178 1527 venas,
2210 1495 2300 1532 quas

224 1559 255 1606 ξ.
275 1564 332 1596 32.
355 1561 541 1608 descripsi,
556 1558 603 1594 ad
629 1560 763 1595 atrium
787 1559 979 1606 perveniat
1004 1556 1163 1601 sanguis,
1184 1555 1258 1598 ubi,
1283 1555 1351 1589 hoc
1377 1560 1573 1597 contracto,
1588 1555 1626 1590 in
1651 1555 1895 1590 ventriculum
1921 1555 2056 1591 defluat
2080 1566 2300 1602 expansum,

224 1641 296 1677 quo
321 1636 523 1673 contracto,
552 1630 716 1676 atrioque
741 1639 926 1676 expanso,
957 1639 1023 1675 per
1047 1632 1208 1669 aortam,
1239 1626 1385 1671 sanguis
1410 1627 1449 1659 in
1471 1630 1547 1659 toto
1572 1624 1799 1672 dispergatur
1821 1637 1988 1672 corpore,
2020 1631 2127 1672 atque
2149 1624 2197 1660 ad
2220 1625 2300 1672 pul-

223 1711 351 1736 mones
378 1712 519 1748 quoque
542 1700 679 1742 veniat,
705 1711 724 1734 e
749 1699 877 1745 quibus
901 1709 965 1745 per
985 1708 1100 1732 venas
1120 1696 1350 1744 pulmonales
1378 1696 1416 1729 in
1438 1705 1573 1729 venam
1598 1706 1727 1729 cavam
1751 1696 1887 1730 refluat.
1938 1695 2038 1738 Inde,
2053 1696 2202 1731 mistum
2218 1706 2300 1730 san-

223 1770 370 1815 guinem
394 1771 433 1804 in
455 1770 619 1816 corporis·
638 1768 787 1805 vasibus
811 1769 932 1810 fluere,
963 1768 1090 1808 elucet,
1122 1776 1233 1812 quam
1256 1765 1301 1799 ob
1322 1776 1399 1798 rem
1421 1764 1592 1810 perfacile
1618 1763 1783 1798 concludi
1809 1765 1902 1807 licet,
1928 1766 2104 1811 primum:
2143 1766 2300 1800 calorem

224 1839 423 1874 animalem
448 1837 613 1880 diminui,
637 1844 673 1872 et
699 1838 858 1872 calorem
881 1835 1014 1870 deinde
1037 1835 1170 1880 augeri.
1196 1855 1245 1860 —
1268 1833 1420 1870 Chemia
1444 1834 1631 1875 nimirum,
1656 1833 1896 1878 oxygenium,
1921 1835 2086 1869 omnium
2110 1845 2302 1881 corporum

224 1909 390 1943 maxime
420 1908 797 1953 electro-negativum
828 1905 1065 1941 demonstrat.
1133 1903 1296 1946 Deinde,
1337 1914 1407 1950 quo
1441 1903 1620 1948 majorem
1653 1914 1732 1938 esse
1763 1903 1967 1938 electricam
1998 1915 2190 1952 corporum
2220 1915 2302 1938 cum

224 1979 410 2025 oxygenio
442 1978 716 2023 conjiuictorum
740 1977 989 2024 polaritatem‚
1021 1986 1064 2010 eo
1096 1975 1315 2022 apertiorem
1337 1972 1427 2008 lucis
1458 1984 1538 2008 esse
1571 1973 1830 2009 evolutionem.
1850 1972 1933 2018 Ῑ03)
1985 1972 2087 2016 Quae
2116 1985 2228 2021 quum
2248 1974 2303 2008 ita

224 2049 307 2091 sint,
336 2047 422 2083 inde
445 2048 618 2094 sequitur,
647 2047 817 2088 calorem,
842 2045 905 2079 ubi
929 2046 1105 2089 oxygenii
1131 2045 1250 2078 minus
1274 2042 1435 2085 accedat,
1460 2042 1639 2086 deminui;
1676 2044 1834 2078 colorem
1866 2049 1989 2078 autem
2018 2044 2158 2090 augeri,
2191 2053 2303 2089 quum

224 2118 371 2164 sanguis
401 2117 592 2152 carbonico
625 2117 672 2152 sit
701 2116 864 2158 uberior,
895 2114 933 2149 in
962 2125 1032 2160 quo
1064 2124 1146 2147 cum
1174 2111 1422 2157 Heusingerio
1442 2110 1524 2155 Ι04)
1557 2112 1686 2146 coloris
1721 2113 1880 2158 positum
1911 2114 2043 2147 scimus
2073 2113 2302 2161 principium.

226 2187 293 2224 Cui
317 2187 455 2222 accedit
477 2186 607 2229 adhuc,
632 2191 672 2221 ut
694 2185 880 2231 sanguniis
904 2184 1014 2226 calor,
1038 2182 1207 2218 maxima
1232 2191 1282 2216 ex
1304 2186 1409 2229 parte
1433 2192 1456 2215 a
1479 2185 1678 2226 systemate
1702 2180 1886 2227 dependat
1909 2194 2078 2226 nervoso,
2100 2188 2135 2217 et
2156 2181 2303 2229 quidem

226 2257 390 2305 perdocti
419 2257 490 2292 viri
518 2257 735 2303 Bancrqfts,
763 2254 946 2298 Brundes,
976 2251 1209 2297 Brougtlzon,
1237 2252 1387 2294 Brode'e,
1423 2250 1615 2294 Chaussat,
1648 2251 1877 2293 Gatcombes,
1906 2253 2071 2296 Krimer,
2104 2252 2304 2297 Legallaz's,

226 2327 385 2371 Barcha,
417 2327 653 2370 Trem'ramts,
678 2322 993 2367 Weinholdt105)
1024 2323 1288 2370 experimentis
1320 2322 1393 2356 suis
1426 2320 1495 2354 hoc
1524 2320 1713 2355 evidenter
1741 2321 1984 2365 illustrarunt;
2020 2334 2174 2369 cumque
2202 2321 2304 2356 Sala-

225 2397 382 2432 mandra
404 2407 478 2431 non
501 2407 685 2432 stunmam
708 2395 917 2440 systematis
941 2393 1089 2428 nervosi
1113 2392 1271 2435 attigerit
1297 2391 1562 2431 evolutionem3
1594 2390 1670 2432 sed,
1701 2396 1741 2424 ut
1763 2391 1814 2425 ita
1838 2391 1970 2434 dicam,
2003 2392 2223 2427 mediocrem
2248 2403 2303 2425 so-

226 2466 431 2508 lummodo,
465 2465 628 2500 medium
660 2465 737 2510 ejus
762 2464 921 2498 calorem
951 2461 1037 2496 inde
1063 2461 1277 2502 constituas;
1315 2470 1432 2505 neque
1465 2459 1586 2493 minus
1619 2463 1760 2498 tamen,
1793 2461 1983 2507 respiratio
2016 2463 2145 2497 caloris
2176 2472 2305 2496 caussa

228 2537 422 2583 praecipua
447 2540 502 2569 est
525 2533 801 2572 consideranda,
817 2539 858 2567 ut
882 2531 1082 2573 evidenter,
1106 2541 1199 2576 quae
1223 2530 1333 2565 illust.
1351 2528 1545 2575 Rudolphi
1559 2526 1641 2572 Χ00)
1667 2528 1713 2562 de
1737 2528 1804 2563 hac
1826 2541 1866 2563 re
1893 2530 2069 2574 exhibuit,
2091 2536 2305 2576 argumenta

229 2605 491 2641 demonstrant.

377 2675 496 2722 Supra
521 2672 568 2720 (ξ.
593 2672 667 2718 21.)
698 2682 850 2718 magnos
874 2680 1008 2705 nervos
1029 2667 1278 2702 intercostales
1301 2665 1463 2701 vidimus
1489 2670 1525 2699 et
1549 2665 1822 2712 descripsimus,
1853 2678 1942 2713 quos
1965 2668 2143 2716 imprimis
2169 2669 2207 2703 in
2229 2680 2305 2703 cor-

230 2745 286 2780 dis
309 2750 460 2786 motum,
483 2744 648 2778 effectum
675 2748 783 2788 atque
804 2742 881 2776 vim
907 2739 1041 2774 habere
1065 2737 1356 2777 consideramus,
1389 2746 1500 2781 quum
1524 2735 1774 2781 sympathicus
1799 2747 1934 2772 nervus
1960 2738 2063 2773 nobis
2085 2738 2203 2773 adhuc
2228 2750 2306 2773 am-

231 2815 358 2861 biguus
380 2814 436 2848 sit.
487 2810 534 2858 (ξ.
560 2812 633 2856 23.)

384 2880 678 2927 Trert'ram‘107)
701 2881 747 2916 de
772 2881 840 2915 hac
866 2891 905 2914 re
931 2878 1216 2918 observationes,
1241 2874 1335 2909 hanc
1359 2874 1643 2920 explicationem
1670 2881 1832 2910 nostram
1858 2875 2040 2912 affirmare
2062 2877 2244 2913 videntur.

375 2951 529 2987 Perinde
552 2951 649 2987 idem
672 2956 798 2986 auctor
823 2950 900 2986 vim
930 2947 1115 2994 sanguinis
1140 2945 1325 2993 propriam
1357 2943 1524 2979 vividam
1550 2943 1802 2980 demonstrare
1825 2945 1981 2987 studuit,
2011 2952 2047 2982 et
2070 2958 2306 2995 quaecunque

2221 3028 2304 3052 con—

387 3127 438 3143 ¹⁰⁰
477 3127 496 3158 l.
517 3137 543 3157 c.
583 3150 590 3157 .
613 3128 643 3156 2.

389 3134 456 3226 ω’)
476 3187 538 3218 vid.
562 3129 642 3228 {pud
669 3185 771 3215 Carus
794 3182 875 3214 Tab.
898 3180 986 3212 XIII.
1009 3181 1079 3223 Fig.
1102 3181 1131 3211 8.
1153 3180 1235 3221 (gg).

388 3244 456 3284 ¹⁰²)
475 3243 538 3274 Die
557 3243 800 3284 Entwickelung
821 3242 876 3271 der
893 3240 1031 3272 Frosche
1052 3251 1114 3271 von
1137 3239 1194 3270 Dr.
1217 3237 1251 3270 S.
1274 3236 1313 3268 L.
1339 3235 1521 3268 Stee'nkeim.
1564 3233 1730 3278 Hamburg
1754 3236 1843 3268 1820.
1865 3238 1936 3268 Svo.

388 3302 456 3342 103)
476 3301 647 3334 Lehrbucli
669 3303 723 3332 der
742 3300 973 3332 theol-etischen
997 3299 1127 3330 Chemie
1150 3309 1213 3329 von
1233 3296 1274 3328 E.
1292 3295 1333 3327 L.
1356 3293 1546 3328 Sclzubartlz.
1590 3293 1695 3327 Berlin
1719 3295 1810 3326 1822.
1831 3295 1855 3328 Ι.
1877 3307 1948 3339 pag.
1972 3296 2020 3327 66.
2045 3298 2114 3328 8v0.

389 3361 457 3402 ΗΝ)
479 3362 500 3393 l·
523 3373 549 3393 c.
571 3372 643 3403 pag.
666 3362 717 3391 20.

389 3420 456 3460 ¹⁰⁵)
480 3420 577 3452 Lund
594 3420 614 3451 1.
637 3431 662 3450 c.
683 3430 754 3461 pag.
777 3415 966 3450 258—274.

541 3469 734 3501 Trevz'ranus
752 3466 898 3507 Biologie
917 3465 972 3495 lv.
996 3476 1067 3507 pag.
1091 3464 1161 3495 266.

535 3517 575 3548 Ε.
601 3516 700 3548 Home
719 3518 750 3546 in
773 3514 924 3546 Meclzelus·
945 3514 1061 3544 Archiv
1082 3513 1135 3544 111.
1158 3523 1229 3554 pag.
1255 3512 1322 3542 139.

392 3577 459 3616 ¹⁰⁶)
481 3576 646 3607 Grundriss
666 3576 721 3606 der
744 3573 944 3614 physiologie
967 3572 990 3603 I.
1013 3585 1083 3614 pag.
1109 3573 1177 3602 188.
1202 3574 1229 3609 ξ.
1254 3571 1321 3602 190.

393 3635 460 3675 ¹⁰⁷)
484 3634 628 3676 Biologie
651 3634 692 3665 V.
712 3645 783 3675 pag.
806 3632 876 3662 ¹256.
899 3639 956 3662 etc.
