2574 4123
1258 376 1320 427 25

267 515 343 550 fere
365 522 529 551 mortuae
554 520 740 550 extractae
762 519 854 549 sunt.
905 513 936 548 A
964 518 998 547 et
1021 512 1058 547 B.
1084 512 1294 546 interierunt
1318 522 1420 554 mox,
1450 510 1512 545 sed
1540 510 1578 546 C.
1603 510 1785 555 oxygenio
1808 515 1848 543 ut
1873 520 1979 556 supra
2006 510 2051 544 de
2073 508 2312 544 Salamandra

267 584 305 618 B.
330 586 508 628 enarravi,
532 583 687 620 validior
712 581 991 630 quodammodo,
1014 587 1053 615 ut
1074 582 1125 615 ita
1150 581 1268 615 dicam
1291 586 1345 616 est
1367 579 1519 614 reddita.

413 654 554 696 Quinto.
606 652 719 688 Acido
751 653 965 699 sulphuroso
995 656 1143 697 parato,
1173 650 1336 694 cylindro
1365 649 1532 696 impleto,
1558 647 1596 683 C.
1628 648 1759 693 injecta
1790 648 1913 694 paucis
1937 648 2005 682 vix
2034 648 2199 683 secrmdis
2222 653 2314 694 post,

266 734 409 758 summa
437 729 576 759 vexata
598 722 854 769 inquietudine,
879 721 954 755 fere
979 725 1123 754 mortua
1147 724 1313 753 extracta
1336 725 1400 760 est,
1426 727 1588 763 moxque
1608 717 1751 751 interiit.

413 792 578 827 Sectione
603 793 709 834 facta,
732 791 943 836 sanguinem
968 789 1091 825 inveni
1115 788 1257 834 nigrum
1280 793 1315 822 et
1340 787 1566 829 dissolutum,
1587 796 1722 832 organa
1743 784 2071 832 parenchymatosa
2093 792 2127 819 et
2150 798 2210 820 cor
2234 797 2315 821 san-

265 861 372 907 guine
395 863 644 907 turgescentia,
668 861 866 906 eademque
888 859 1013 894 mollia
1041 864 1076 891 et
1099 858 1268 904 perfacile
1291 855 1560 904 disrumpenda.

418 931 639 966 Trea-&anus
671 929 815 976 quidem
838 934 964 976 postea
983 926 1065 972 ι37)
1095 928 1134 961 in
1163 927 1271 961 aliam
1296 938 1399 961 suam
1430 925 1651 973 permutavit
1676 924 1899 970 opinionem,
1928 934 2059 970 quum,
2088 924 2136 959 ad
2162 930 2316 960 tractum

264 999 508 1035 intestinalem
530 1001 719 1035 arctiorem
739 998 917 1032 rationem
942 997 1055 1044 hepar
1076 996 1220 1038 habere,
1243 995 1448 1038 contendat,
1474 994 1569 1042 quod
1595 993 1751 1040 quidem,
1786 1004 1897 1040 quum
1920 993 1971 1027 ita
1994 1005 2032 1029 se
2057 993 2199 1037 habeat,
2215 995 2314 1029 illam

264 1072 389 1104 tamen
414 1069 461 1105 ad
482 1070 673 1117 pulmones
694 1068 918 1111 relationem,
938 1073 978 1102 ut·
999 1067 1051 1101 ita
1073 1065 1203 1110 dicam,
1228 1065 1442 1108 discordem,
1465 1075 1572 1100 nemo
1595 1074 1753 1110 [mquam
1777 1054 2002 1109 negabits*

1224 1228 1255 1275 ξ.
1308 1232 1362 1265 44.

412 1339 694 1373 Recentissimae
726 1338 888 1372 chemiae
919 1337 1166 1383 inquisitiones
1192 1336 1504 1376 demonstrarunt,
1537 1343 1691 1380 vapores
1714 1332 1842 1367 caloris
1867 1332 2103 1378 capacitatem
2129 1335 2213 1367 ae‘re
2239 1332 2317 1368 ath-

262 1406 512 1453 mosphaerico
539 1407 649 1454 duplo
674 1408 851 1453 majorem
873 1406 1023 1450 habere,
1048 1406 1211 1452 acidique
1234 1404 1414 1440 carbonici
1437 1402 1674 1449 capacitatem
1705 1402 1834 1437 caloris
1857 1401 1906 1436 ad
1928 1402 2163 1447 exygenium‚
2186 1402 2318 1438 habere

262 1476 440 1512 rationem
468 1480 530 1511 13:
563 1480 615 1511 10.
666 1476 739 1512 Aer
763 1472 885 1511 autem
917 1477 1156 1523 exspiratum,
1180 1475 1355 1520 inspirato
1381 1478 1435 1507 est
1458 1471 1620 1514 calidius,
1646 1482 1757 1518 quum
1783 1477 1905 1506 autem
1930 1471 2023 1505 ae'ris
2049 1473 2229 1517 capacitas
2259 1485 2317 1507 ca-

262 1543 347 1578 loris
370 1546 546 1580 increscat
562 1546 786 1587 calescendo,
810 1545 894 1580 inde
921 1546 1091 1591 sequitur,
1115 1543 1391 1590 respirationem
1415 1552 1489 1576 non
1512 1542 1630 1576 solum
1640 1551 1850 1587 procescum
1874 1551 1953 1575 esse
1971 1540 2240 1585 combustionis,
2253 1542 2317 1577 sed

263 1613 385 1656 etiam,
409 1614 702 1660 refrigerationis.
754 1613 858 1656 Quod
882 1614 1028 1661 quidem
1053 1613 1254 1648 accuratius
1276 1612 1465 1659 paululum
1488 1610 1679 1656 inquiram.
1729 1609 1884 1645 Acidum
1907 1609 2139 1643 carbonicum
2164 1621 2213 1644 ex
2237 1622 2319 1645 san—

260 1683 368 1727 guine
391 1690 580 1727 secretum,
607 1694 657 1718 cx
682 1689 779 1718 statu
804 1683 913 1718 fluido
936 1684 974 1717 in
1000 1683 1231 1717 aeriformem
1254 1680 1463 1728 permutari,
1489 1679 1576 1714 satis
1601 1683 1728 1712 notum
1751 1684 1816 1721 est,
1842 1677 1928 1712 inde
1953 1683 2075 1712 autem
2105 1679 2319 1715 concludere

261 1754 390 1798 possis,
413 1754 542 1788 caloris
566 1753 814 1800 capacitatem,
832 1751 1043 1786 calescendo
1067 1763 1146 1786 esse
1169 1756 1324 1785 auctam.
1374 1748 1529 1784 Acidum
1553 1748 1782 1782 carbonicum
1807 1747 1959 1794 proinde
1981 1753 2016 1781 et
2029 1759 2185 1794 vapores
2208 1760 2319 1795 aquo-

262 1822 310 1863 si,
339 1833 422 1856 cum
445 1823 645 1867 oxygenjo,
679 1833 743 1867 per
765 1821 1057 1867 inspirationem,
1085 1821 1295 1865 cunjuncta,
1326 1819 1440 1853 multo
1470 1818 1609 1862 majore
1631 1817 1806 1850 instructa
1835 1816 1963 1851 caloris
1993 1817 2210 1863 capacitate,
2240 1830 2318 1853 ma-

263 1891 317 1935 gis
341 1891 458 1925 adhuc
482 1891 758 1938 expanduntur3
788 1891 826 1923 in
848 1900 918 1936 quo
941 1890 1107 1924 increscit
1129 1890 1242 1932 calor3
1269 1886 1505 1935 inspiratione
1527 1892 1648 1920 autem
1672 1885 1835 1931 frigidius
1859 1886 2055 1933 impellitur
2080 1897 2152 1929 aer,
2174 1887 2319 1933 refrige-

262 1961 354 1993 ratio
377 1961 427 2003 fit,
454 1966 489 1994 et
516 1960 623 1995 simul
648 1954 730 1993 cum
761 1959 1007 2005 inspiratione,
1037 1959 1165 1993 caloris
1188 1959 1462 1992 incrementum.
1513 1955 1687 1989 Perfacile
1710 1954 1794 1989 inde
1819 1956 2010 1999 intelligas,
2032 1955 2319 2001 respirationem,

263 2029 391 2063 caloris
416 2030 583 2064 animalis
608 2040 686 2064 esse
710 2040 783 2062 non
805 2040 912 2075 posse
925 2028 1075 2070 fontem,
1093 2029 1211 2062 solum
1229 2028 1309 2073 jam
1334 2026 1428 2068 ideo,
1448 2035 1560 2070 quum
1586 2024 1695 2068 Dwy
1719 2023 2034 2066 demonstraverit,
2051 2026 2237 2070 sanguinis
2261 2039 2317 2061 ar-

263 2099 385 2132 teriosi
417 2099 545 2133 caloris
578 2098 826 2145 capacitatem,
856 2097 984 2132 venosi
1008 2096 1106 2130 haud
1140 2107 1217 2130 esse
1247 2096 1435 2140 majorem.
1460 2112 1509 2117 —-
1559 2091 1679 2134 Quum
1710 2098 1832 2127 autem
1858 2093 1903 2127 ob
1935 2094 2144 2138 systematis
2171 2098 2318 2132 nervosi

264 2168 509 2202 evolutionem
534 2168 724 2209 minorem,
749 2167 846 2200 calor
871 2166 1039 2201 animalis
1063 2166 1109 2200 sit
1132 2165 1344 2207 diminutus,
1361 2170 1397 2197 et
1421 2163 1466 2197 ob
1491 2162 1594 2204 cutis,
1619 2173 1758 2204 renum,
1778 2161 1990 2209 hepatisque
2013 2163 2235 2201 functionem
2263 2167 2317 2201 vi-

265 2237 400 2272 cariam
425 2237 613 2284 respiratio
641 2237 760 2271 minor
785 2241 821 2271 et
845 2236 1003 2279 inferior,
1026 2235 1111 2271 inde
1134 2236 1310 2283 sequitur:
1344 2231 1608 2277 Salamandrac
1631 2231 1789 2266 calorem
1813 2243 1891 2266 esse
1915 2232 2103 2267 minorem·
2124 2254 2170 2258 -—

1223 2394 1255 2441 §.
1294 2399 1350 2431 45.

413 2504 699 2550 Respirationem
721 2503 796 2538 fere
818 2503 986 2538 chemicis
1009 2502 1155 2537 obedire
1180 2502 1329 2547 legibus,
1356 2506 1391 2534 et
1415 2500 1491 2534 vita
1507 2498 1762 2533 tantummodo
1787 2498 1934 2540 variari,
1966 2500 2052 2534 satis
2076 2501 2170 2535 inter
2193 2513 2318 2538 onmes

264 2580 414 2610 constat.
439 2585 546 2607 nemo
579 2574 672 2607 ullus
703 2574 823 2618 itaque
851 2583 910 2606 me
942 2570 1193 2618 reprehendat,
1225 2570 1255 2604 si
1285 2568 1532 2615 respirationis
1561 2578 1770 2614 processum
1796 2567 2062 2611 secundarium,
2091 2581 2156 2616 per
2188 2577 2318 2614 cutem,

263 2654 367 2677 renes
391 2648 456 2676 etc.
482 2641 632 2689 perinde
655 2653 809 2688 quoque,
831 2651 880 2674 ex
912 2640 1073 2673 chemiae
1096 2639 1279 2685 principiis
1304 2638 1490 2683 explicare
1513 2637 1640 2670 ausim.
1665 2655 1713 2659 *—
1762 2635 1943 2680 Ingeniosi
1968 2638 2037 2671 w'ri
2061 2640 2254 2686 Faraday,
2285 2648 2320 2675 et

264 2711 460 2758 Humphry
493 2711 614 2756 Dary,
642 2722 794 2757 corpora
816 2708 1032 2751 aeriformia,
1054 2708 1093 2742 in
1128 2711 1264 2742 statum
1288 2704 1437 2740 fluidum
1473 2703 1706 2745 stillaticium,
1732 2705 1789 2739 vel
1822 2704 1978 2740 solidum
1999 2713 2318 2754 permutaverunt3

264 2782 325 2816 ille
347 2781 519 2814 nimirum
545 2779 744 2822 chloreum3
768 2778 825 2813 hic
841 2777 985 2813 acidum
1006 2776 1335 2822 hydr-othionicum,
1352 2771 1619 2821 sulphurosum,
1633 2772 1874 2817 carbonicum,
1891 2774 2076 2812 chloreum
2101 2778 2318 2824 oxydatum,

263 2862 327 2895 gas
345 2850 523 2884 azoticum
543 2848 760 2893 oxydatum,
777 2848 1039 2893 cyanogenium
1066 2852 1101 2881 et
1117 2846 1353 2881 ammonium.
1375 2841 1457 2888 Ι33)
1486 2842 1591 2885 Quod
1606 2842 1714 2888 igitur
1737 2852 1802 2889 per
1826 2846 2103 2890 respirationem
2124 2849 2316 2894 pulmona-

264 2919 348 2962 lem,
370 2919 408 2953 in
430 2924 526 2953 statu
549 2918 733 2964 gasiformi
754 2929 828 2952 non
851 2916 1068 2959 excernitur,
1088 2917 1127 2950 in
1148 2915 1257 2950 fluido
1282 2926 1347 2961 per
1368 2925 1473 2949 renes
1498 2918 1534 2946 et
1551 2918 1669 2946 cutem
1686 2924 1706 2945 e
1727 2923 1875 2958 corpore
1898 2914 2114 2950 eliminatur.
2164 2917 2317 2954 Summa

264 2988 461 3023 attentione
484 2987 593 3032 digna
613 2988 676 3022 illa
697 2988 804 3034 igitur
826 2993 920 3029 sunt,
937 2998 1028 3033 quae
1052 2986 1091 3020 in
1112 2985 1210 3020 ranis
1235 2984 1399 3026 instituit,
1416 2983 1474 3017 vir
1499 2982 1659 3027 egregius
1686 2981 1845 3024 Towson,
1869 2983 2138 3029 experimenta;
2157 2987 2237 3033 ¹³9)
2262 2990 2316 3023 jn-

263 3057 364 3093 venit
390 3056 571 3099 nimirum,
596 3057 635 3090 in
660 3063 739 3091 cute
767 3057 882 3102 rigida
905 3062 940 3090 et
965 3057 1059 3091 sicca
1082 3055 1229 3090 ranulas
1254 3064 1359 3098 aegre
1384 3063 1422 3086 se
1444 3050 1587 3092 habere,
1604 3050 1642 3083 in
1664 3049 1814 3084 humida
1838 3056 1959 3086 autem
1983 3052 2085 3095 bene,
2100 3056 2250 3101 perinde
2274 3070 2316 3092 ac

265 3126 311 3160 de
333 3126 443 3168 ranis,
467 3126 537 3160 nisi
560 3124 759 3160 admodum
784 3127 902 3169 fallor,
927 3126 1050 3161 obiter⁴
1076 3135 1217 3171 quoque
1241 3123 1287 3157 de
1307 3119 1559 3157 salamandris
1591 3121 1899 3155 commemoravit.
1950 3121 2128 3168 Equidem
2152 3125 2188 3159 in
2213 3125 2315 3161 Sala-

264 3195 437 3237 mandris,
464 3194 590 3229 eadem
610 3196 679 3230 viri
707 3196 837 3240 egregii
861 3196 908 3230 R.
933 3196 1091 3236 Tou-son,
1112 3195 1365 3240 experimenta
1388 3190 1467 3231 feci,
1483 3195 1518 3223 et
1540 3189 1637 3224 idem
1664 3188 1760 3236 quod
1782 3187 1843 3224 ille
1868 3190 1905 3224 in
1929 3192 2038 3234 ranis,
2065 3192 2102 3226 in
2125 3193 2314 3231 Salaman-

265 3263 339 3297 dris
361 3263 565 3307 observavi,
580 3270 619 3299 ut
635 3271 714 3298 cute
736 3264 850 3310 rigida
875 3271 910 3298 et
932 3265 1026 3299 sicca
1048 3264 1143 3298 male
1167 3261 1439 3315 sevhabuerinm
1461 3258 1610 3293 humida
1635 3270 1723 3294 vero
1746 3257 1917 3293 hilariter.
1968 3260 2067 3294 Haec
2090 3263 2314 3309 refrigeratio

264 3344 329 3378 per
350 3333 440 3367 cutis
465 3334 744 3381 absorptionem,
759 3346 840 3368 cum
863 3334 1097 3380 inspiratione
1119 3332 1210 3367 bene
1234 3338 1288 3366 est
1315 3327 1572 3376 comparanda,
1588 3334 1623 3362 et
1648 3340 1764 3374 aquae
1790 3329 1939 3363 secretio
1964 3341 2028 3375 per
2052 3332 2211 3367 vesicam
2237 3335 2314 3368 uri-

264 3401 405 3439 nariam
432 3413 513 3437 cum
538 3405 793 3451 exspiratione.
845 3402 1046 3439 Adnotavit
1071 3408 1196 3438 auctor
1220 3400 1329 3443 idem,
1353 3399 1500 3435 ranulas
1523 3408 1605 3432 cum
1628 3397 1779 3432 humida
1802 3404 1893 3439 cute,
1923 3397 2115 3444 splendore
2140 3407 2175 3435 et
2199 3403 2314 3438 nitore

418 3516 486 3557 ¹³⁷)
507 3516 651 3560 Biologie
671 3520 727 3552 IV.
750 3531 820 3562 pag.
843 3518 914 3550 419.

418 3574 486 3615 ¹³⁸)
507 3574 624 3608 Archiv
646 3577 695 3608 fiir
713 3579 763 3611 die
784 3584 954 3621 gesammte
974 3576 1160 3609 Naturlehre
1182 3586 1243 3606 von
1264 3575 1421 3607 Kastner.
1457 3570 1624 3614 Niirnberg
1647 3569 1736 3603 1824.
1760 3581 1831 3614 pag.
1851 3571 1911 3601 396
1933 3578 1990 3603 etc⁴

418 3632 485 3673 ¹³⁹)
504 3633 524 3664 l.
549 3646 574 3665 c.

1865 3692 1898 3727 G
