2574 4123
1252 372 1317 428 57

1092 510 1250 563 Figura
1288 511 1468 550 decima.

256 622 478 654 salamandrae
504 623 692 654 foemininae
714 624 863 665 gravidae
886 628 990 663 partes
1014 623 1149 654 ostendit
1171 622 1335 664 genitales.

465 685 564 725 αααιι)
584 687 691 716 ovaria
713 685 843 717 reticulo
863 684 1026 716 vasculoso
1047 685 1130 716 bello
1150 685 1305 715 decorata.

464 727 514 767 bb)
537 728 709 765 oviductus,
732 739 861 770 quorum
882 727 1061 758 inferiorem
1080 727 1176 757 finem
1197 733 1321 757 uterum
1339 726 1616 758 denominavimus.

465 770 512 809 cc)
535 769 687 800 orificium
709 771 852 810 superius
871 769 1034 800 oviductus
1056 768 1342 800 infundibiliforme.

464 811 519 850 dd)
543 811 683 850 ejusdem
706 811 859 842 orificium
879 811 1018 842 inferius.

465 856 515 893 ee)
541 853 648 884 cloaca
669 854 812 884 dissecta.

455 895 500 935 s)
521 895 623 925 foetus
643 896 676 926 in
697 897 756 925 situ
773 894 914 925 normali.

463 938 502 975 ιι)
524 947 600 967 vasa
621 937 660 967 ad
682 937 789 967 ovaria
813 937 1009 968 decurrentia
1028 947 1146 968 venosa
1164 943 1195 968 et
1217 937 1378 967 arteriosa.

584 1059 743 1114 Figura
775 1061 1001 1102 undecima
1044 1077 1143 1110 usque
1170 1066 1211 1097 ad
1257 1058 1461 1114 Figuram
1498 1059 1748 1101 vicesimam
1774 1064 1978 1114 quartam.

256 1171 369 1204 Varias
390 1173 520 1204 exhibet
539 1173 624 1204 ovuli
645 1181 675 1204 et
696 1173 874 1215 embryonis
896 1173 1103 1210 evolutiones,
1122 1171 1230 1215 quales
1251 1183 1322 1214 pag.
1344 1173 1395 1204 33.
1417 1179 1476 1204 etc.
1499 1172 1658 1213 descripsi.

877 1297 1036 1352 Figura
1062 1297 1269 1338 vicesima
1293 1298 1439 1351 quinta
1474 1304 1517 1338 et
1546 1304 1680 1339 sexta.

254 1410 360 1442 Variis
380 1412 413 1442 in
435 1410 644 1452 positionibus
663 1418 878 1454 repraesentat
899 1410 1109 1453 duplicitatem
1131 1415 1340 1441 monstrosam
1360 1410 1559 1449 anteriorem,
1587 1412 1677 1452 cujus
1706 1421 1800 1453 supra
1830 1420 1901 1453 pag.
1924 1409 1975 1442 36.
1994 1414 2023 1450 ς’.
2047 1410 2098 1442 68.
2126 1413 2318 1447 mentionem

398 1466 539 1497 fecimus.

950 1589 1110 1644 Figura
1140 1589 1347 1630 vicesima
1375 1589 1557 1643 septima
1586 1604 1628 1630 a.

254 1701 423 1743 Cordylum
443 1702 644 1740 demonstrat,
664 1705 768 1736 statim
781 1709 852 1746 post
867 1710 988 1746 partum
1003 1702 1193 1733 delineatum
1212 1713 1232 1732 a
1243 1701 1341 1732 latere
1356 1699 1483 1738 dorsali,
1504 1702 1537 1732 in
1551 1711 1612 1743 quo
1631 1710 1763 1742 magnos
1777 1701 1886 1732 videas
1904 1700 2122 1735 branchiarum
2141 1704 2317 1738 fasciculos.

942 1824 1102 1880 Figura
1130 1825 1337 1867 vicesima
1365 1824 1547 1878 septima
1583 1826 1621 1866 b.

252 1933 395 1965 Eundem
417 1944 458 1964 ex
480 1932 578 1964 latere
600 1932 754 1974 depictum
779 1932 926 1971 ostendit,
944 1933 988 1963 ita
1008 1938 1043 1963 ut
1063 1931 1194 1964 caudam
1214 1942 1329 1973 magna
1349 1941 1419 1962 cum
1440 1929 1622 1962 membrana
1640 1933 1796 1964 natatoria
1816 1933 1998 1965 instructam
2019 1934 2204 1976 conspicias.
2224 1954 2265 1960 ——

947 2055 1108 2110 Figura
1137 2057 1344 2098 vicesima
1370 2057 1551 2110 septima
1583 2070 1619 2096 e.

252 2165 394 2195 Eundem
417 2162 556 2200 exhibet,
579 2174 599 2193 a
622 2162 719 2193 latere
742 2160 943 2198 abdominali,
965 2160 1019 2192 ubi
1048 2160 1104 2192 tibi
1133 2163 1165 2192 in
1189 2167 1392 2203 conspectum
1412 2162 1542 2193 veniunt
1561 2162 1684 2193 viscera
1705 2168 1737 2194 et
1764 2173 1828 2202 cor,
1847 2175 1904 2206 per
1924 2164 2082 2196 musculos
2102 2163 2318 2197 abdominales

400 2218 572 2260 pellucidos
592 2218 790 2260 pellucentia.

939 2339 1099 2393 Figura
1125 2340 1332 2381 vicesima
1360 2342 1541 2394 septima
1572 2342 1611 2382 d.

255 2456 396 2487 Eundem
416 2461 640 2496 repraesentat,
658 2465 677 2484 a
695 2453 792 2484 latere
809 2451 999 2483 abdominali
1018 2451 1197 2489 dissectum,
1217 2450 1272 2483 ubi
1290 2452 1523 2494 conspiciuntur
1543 2462 1608 2489 cor,
1621 2451 1719 2494 hepar
1739 2462 1809 2484 cum
1832 2453 1936 2485 vesica
1956 2453 2060 2491 fellea,
2079 2459 2110 2484 et
2131 2460 2248 2486 tractus
2268 2457 2314 2487 in-

401 2509 566 2546 testinalis‚
585 2507 713 2551 globulo
735 2506 875 2538 vitellino
896 2507 984 2548 quasi
1008 2504 1183 2547 bipartitus,

969 2629 1127 2682 Figura
1156 2630 1362 2671 vicesima
1389 2631 1570 2685 septima
1600 2643 1634 2670 e.

252 2745 379 2787 Cordyli
400 2743 530 2775 exhibet
552 2754 588 2774 os
608 2742 757 2786 linguale,
779 2752 842 2774 una
862 2753 936 2773 cum.
955 2741 1098 2773 ossiculis
1119 2740 1360 2773 branchialibus.

943 2865 1103 2921 Figura
1131 2867 1337 2909 vicesima
1365 2867 1545 2922 septima
1559 2868 1615 2920 fl

250 2983 398 3024 Ejusdem
422 2980 558 3012 ostendit
579 2981 715 3012 ossicula
735 2980 928 3013 branchialia
950 2991 1020 3011 cum
1043 2990 1115 3011 osse
1136 2979 1268 3021 linguali
1288 2978 1420 3016 reflexa,
1442 2980 1474 3010 in
1497 2990 1558 3021 quo
1583 2977 1743 3010 observari
1765 2985 1906 3020 possunt,
1927 2985 2042 3021 puncta
2060 2979 2228 3012 albicantia
2250 2981 2312 3012 duo

397 3034 466 3076 (aa)
485 3034 609 3066 auditus
632 3036 752 3077 organi.

945 3159 1105 3214 Figura
1135 3159 1342 3200 vicesima
1367 3158 1548 3212 septima
1572 3173 1620 3213 g.

251 3272 378 3313 Cordyli
404 3277 506 3302 aetate
525 3270 684 3314 paululum
705 3273 899 3314 provectiore
922 3272 1114 3304 demonstrat
1133 3278 1261 3303 tractum
1284 3270 1504 3308 intestinalem,
1527 3272 1559 3301 in
1579 3281 1640 3313 quo
1665 3268 1826 3312 globulum
1847 3268 2020 3300 vitellinum
2042 3269 2108 3300 sere
2136 3278 2310 3314 resorptum

397 3325 515 3357 videas.

959 3449 1118 3504 Figura
1145 3451 1351 3491 vicesima
1380 3449 1560 3503 septima
1589 3449 1628 3488 Ιι.

249 3562 397 3595 'Pi-actum
425 3561 634 3593 intestinalem
655 3564 772 3604 cordyli
797 3565 926 3604 majoris
951 3563 1090 3599 exhibet,
1107 3574 1176 3595 ciuu
1205 3563 1317 3604 hepate
1337 3562 1478 3597 etlie11e‚
1496 3563 1563 3602 jam
1584 3561 1719 3593 volvitur
1739 3559 1857 3592 canalis
1879 3558 2024 3596 cibarius,
2048 3570 2175 3600 prorsus
2200 3561 2307 3593 absor-

393 3623 464 3658 ptus
493 3622 541 3646 est
562 3616 707 3658 globulus
725 3618 891 3650 vitellinus.

1885 3711 1909 3741 P
