2574 4123
987 360 1582 417 mmm

264 508 375 542 osseis
401 506 609 541 adhaerent.
660 504 700 538 In
725 503 845 538 media
867 502 933 537 hac
960 500 1172 542 substantia,
1195 504 1368 545 punctum
1391 483 1450 532 est
1469 496 1630 531 albicans
1656 501 1691 529 et
1713 495 1834 536 molle,
1857 494 1953 540 qnod
1976 505 2057 530 cum
2082 493 2194 530 acidis
2216 494 2317 528 effer-

263 576 389 619 vescit,
423 582 459 610 et
480 576 586 610 calcis
608 573 820 608 carbonicae
843 570 1001 607 ostendit
1022 576 1191 604 naturam
1213 573 1249 602 et
1275 568 1471 608 rationem,
1488 564 1548 609 90)
1576 576 1693 611 neque
1714 564 1860 598 infitiari
1884 565 2018 610 possis,
2053 568 2226 612 punctum
2251 564 2318 598 hoc

263 640 436 688 albicans,
462 644 605 679 ossiculi
630 642 799 678 auditorii
824 642 980 688 primum
1006 651 1084 674 esse
1109 637 1367 673 rudimentum.

413 715 549 749 Puncto
580 718 616 747 et
637 713 850 747 membrana
880 709 1001 755 ejectis
1027 708 1173 750 dehinc,
1201 707 1360 753 primum
1390 705 1517 741 videas
1551 704 1722 740 vestibuli
1751 703 1964 746 cavitatem,
2002 714 2093 750 quae
2126 713 2208 738 cum
2239 713 2322 750 pro-

263 795 384 819 cessus
410 783 603 818 mastoidei
630 783 758 816 cellula
782 779 1041 820 communicat3
1071 777 1149 823 Fig.
1177 779 1230 810 18.
1255 775 1313 820 (b)
1345 774 1475 809 deinde
1498 786 1602 809 arcus
1626 780 1699 808 tres
1723 773 1913 807 circulares
1943 772 2020 818 Fig.
2046 774 2098 806 18.
2119 772 2239 817 (ccc),
2262 773 2323 818 qui

263 852 347 887 hinc
372 858 409 886 et
427 852 512 887 inde
537 852 795 891 intumescunt;
821 848 976 894 denique
997 848 1173 882 cavitates
1202 856 1294 892 pone
1320 855 1424 879 arcus
1450 844 1630 890 utrimque
1655 843 1753 885 sitas,
1767 843 1950 877 internam
1973 841 2146 876 nimirum
2165 842 2221 886 (e)
2247 842 2323 876 elli-

263 923 411 968 pticam‚
437 927 473 961 et
495 927 687 962 externam
710 919 770 963 (d)
795 919 832 952 in
858 917 949 952 duas
979 917 1055 951 fere
1076 921 1215 963 partes,
1238 914 1415 960 angustia,
1439 913 1541 959 quasi
1566 912 1785 959 bipartitam.
1835 910 1895 947 Ad
1917 922 2047 946 sonum
2077 911 2324 958 recipiendiun

263 991 372 1026 valde
398 991 622 1026 necessariae
652 988 741 1024 mihi
773 986 1073 1032 haecevvidentur
1097 986 1292 1027 cavitates,
1323 995 1366 1018 eo
1391 984 1505 1029 magis
1540 982 1677 1025 adhuc,
1706 992 1818 1028 quum
1840 992 1928 1016 aure
1953 986 2108 1016 externa
2139 986 2176 1015 et
2200 987 2325 1016 meatu

265 1060 444 1095 auditorio
460 1058 702 1095 Salamandra
726 1063 857 1092 careat.
895 1056 938 1091 In
959 1055 1140 1091 vestibulo
1165 1054 1347 1089 foramina
1371 1058 1466 1095 sunt,
1484 1063 1548 1099 per
1562 1062 1655 1098 quae
1679 1062 1814 1087 nervus
1836 1050 2036 1086 auditorius
2058 1051 2096 1085 in
2121 1061 2248 1086 aurem
2272 1051 2326 1087 in-

265 1135 336 1164 trat
360 1129 435 1175 Fig.
460 1132 513 1164 18.
534 1128 607 1175 (g).
636 1149 683 1153 -—
735 1127 885 1162 Zinnius
907 1136 1048 1173 quoque
1073 1125 1178 1171 longe
1202 1129 1286 1159 ante
1311 1115 1510 1171 scarpam,
1531 1126 1628 1157 recte
1650 1120 1840 1169 descripsit
1860 1120 2005 1158 auditus
2027 1132 2198 1168 organon.
2220 1120 2280 1166 ⁹1)

1105 1400 1247 1442 Sectio
1292 1400 1490 1441 secunda.

624 1513 698 1552 De
744 1510 1125 1551 Salamandrae
1168 1509 1453 1549 terrestris
1507 1507 1613 1546 vita
1656 1507 1970 1560 vegetation.

1288 1680 1314 1713 Ι.

905 1765 1202 1808 Systema
1256 1759 1695 1795 vasculosum.

1237 1888 1269 1935 ξ.
1309 1893 1367 1924 30.

412 1996 626 2042 Thoracem,
648 2003 847 2033 retrorsum
873 1997 1029 2044 scapulis
1055 1997 1246 2031 columnae
1270 1995 1466 2030 vertebrali
1493 1994 1692 2028 arctissime
1724 1992 1990 2038 adjacentibus,
2020 1999 2226 2029 anti-orsum
2250 2006 2332 2042 par-

266 2071 360 2106 tibus
387 2070 557 2116 scapulae
580 2068 813 2110 sternalibus;
850 2066 946 2100 infra
968 2066 1164 2110 ligamento
1188 2064 1347 2111 quodam
1372 2069 1601 2104 transverso,
1634 2061 1871 2104 conformari,
1907 2073 2016 2109 supra
2046 2060 2077 2110 ξ.
2103 2066 2134 2100 9.
2161 2066 2333 2112 exposui-

264 2152 358 2176 mus.
408 2139 451 2174 In
474 2139 542 2174 hac
573 2137 730 2172 thoracis
761 2136 937 2177 cavitate,
973 2135 1082 2169 situm
1112 2139 1185 2176 est,
1221 2145 1294 2168 eor
1325 2133 1363 2167 in
1388 2133 1537 2179 pleurae
1561 2131 1762 2178 pericardio
1786 2132 1975 2166 inclusum.
2026 2132 2201 2169 Formam
2225 2134 2334 2169 habet

266 2209 454 2256 globosam
475 2209 595 2243 minus
616 2213 679 2242 aut
700 2207 827 2252 magis,
859 2215 910 2240 ex
935 2205 1026 2239 atrio
1053 2203 1141 2238 Tab.
1162 2203 1205 2237 ΙΙ.
1236 2202 1314 2248 Fig.
1344 2205 1374 2245 1,
1408 2205 1441 2244 2,
1475 2205 1508 2236 3.
1530 2200 1588 2246 (b)
1618 2207 1654 2235 et
1677 2202 1879 2236 ventriculo
1908 2202 1969 2245 (a)
1999 2207 2054 2235 est
2082 2205 2333 2250 compositum.

266 2277 468 2325 Utrumque
493 2278 604 2313 fibrae
626 2278 687 2313 vel
710 2276 915 2311 trabeculae
947 2285 1120 2327 carnosae
1145 2273 1240 2307 inter
1261 2283 1300 2307 se
1325 2276 1531 2314 contextae,
1561 2271 1739 2318 obliquae,
1767 2277 1975 2306 transverse
2006 2278 2179 2307 curvatae
2208 2273 2333 2308 decur-

266 2353 388 2383 rentes
413 2348 645 2382 constituunt.
694 2345 782 2381 Tab.
805 2345 849 2379 H.
885 2344 962 2389 Fig.
989 2347 1041 2384 3.‚
1074 2348 1251 2388 quantum
1276 2342 1353 2376 fieri
1381 2346 1539 2388 poterat,
1569 2340 1677 2376 hasce
1707 2341 1860 2386 depinxi
1894 2340 2106 2376 trabeculas.
2156 2342 2249 2377 Atrii
2270 2356 2334 2390 pa-

268 2416 387 2458 rietes,
418 2416 611 2451 ventriculi
633 2416 704 2449 illis
730 2415 836 2458 longe
858 2417 943 2447 sunt
967 2411 1159 2444 tenuiores.
1211 2408 1319 2444 Color
1341 2408 1458 2443 cordis
1488 2414 1542 2443 est
1565 2408 1795 2443 rubicundus.
1847 2409 1949 2444 Atrio
1974 2418 2012 2443 se
2034 2410 2217 2456 immergit
2240 2423 2335 2448 vena

270 2496 363 2520 cava
384 2496 518 2530 magna
539 2484 617 2529 Fig.
646 2488 682 2525 1,
714 2486 753 2524 2,
781 2481 867 2526 (dd)
899 2481 937 2514 in
958 2491 1067 2526 quam
1091 2478 1244 2513 redeunt
1265 2489 1383 2513 venae
1409 2478 1638 2525 pulmonales
1668 2477 1744 2522 Fig.
1776 2481 1812 2519 1,
1841 2481 1873 2511 2.
1903 2477 1990 2522 (ee).
2041 2478 2107 2513 Ex
2121 2481 2334 2523 ventriculo,

267 2560 415 2589 truncus
439 2559 563 2588 aortae
586 2553 760 2598 originem
786 2550 907 2591 sumit,
931 2549 991 2594 qui
1016 2547 1148 2581 deinde
1168 2548 1207 2580 in
1229 2553 1397 2580 truncum
1421 2556 1647 2591 anonymum
1671 2546 1851 2593 utrimque
1874 2546 2048 2582 dividitur
2074 2547 2174 2593 (vide
2188 2548 2275 2585 Tab.
2289 2551 2332 2585 Π.

250 2624 400 2669 ,figuras
426 2619 659 2667 designatas).
710 2619 887 2655 Valvulas
913 2616 1205 2651 animadvertere
1229 2626 1303 2649 non
1328 2615 1439 2661 potui.
1463 2634 1511 2639 —
1561 2613 1744 2656 Quantam
1769 2616 1838 2650 vix
1865 2617 2051 2663 concipere
2079 2619 2206 2664 possis,
2232 2625 2332 2656 tanta

269 2692 386 2727 cordis
415 2691 543 2727 vivida
567 2692 624 2726 vis
648 2695 720 2732 est;
746 2698 796 2722 cx
820 2697 968 2733 corpore
992 2685 1165 2719 nimirum
1190 2684 1375 2726 excisum,
1404 2695 1468 2730 per
1495 2684 1616 2729 plures
1638 2683 1757 2719 adhuc
1784 2683 1892 2720 horas
1920 2686 2091 2732 pulsavit.
2150 2687 2332 2725 Permulta

270 2761 386 2797 cordis
410 2761 522 2808 ipsius
546 2759 671 2795 inveni
693 2768 785 2794 vasa
806 2756 966 2798 nutritia‚
990 2753 1056 2790 sed
1080 2764 1214 2790 nervos
1238 2753 1396 2800 reperire
1416 2753 1517 2800 potui
1542 2753 1670 2788 nullos.
1697 2773 1745 2778 -—

1226 2915 1257 2962 ξ.
1308 2919 1365 2951 31.

419 3027 655 3070 Arteriarum,
676 3038 740 3075 per
762 3031 880 3061 totum
902 3021 1166 3060 Salamandrae
1188 3033 1317 3069 corpus
1340 3020 1523 3064 decursus,
1549 3021 1631 3055 talis
1656 3026 1719 3055 est.
1771 3021 1876 3056 Rami
1899 3021 1971 3057 duo
2003 3025 2118 3058 trunci
2142 3029 2328 3072 anonymi,

271 3095 581 3144 quemadmodum
602 3097 642 3131 in
664 3097 780 3140 ranis,
800 3095 861 3141 92)
891 3095 1071 3140 utrimque
1100 3098 1202 3126 trans
1232 3091 1433 3126 bronchum
1462 3095 1660 3125 transeunt.
1712 3091 1817 3126 Rami
1848 3092 2006 3138 primum
2035 3098 2243 3130 transverse
2265 3109 2328 3144 pa-

270 3167 374 3201 raleli
398 3166 603 3209 decurrunt,
633 3171 669 3200 et
692 3166 855 3213 superior
880 3164 1025 3212 quidem
1049 3161 1137 3197 Tab.
1154 3162 1214 3196 ΠΙ.
1240 3162 1271 3196 F
1273 3162 1317 3207 ig.
1335 3161 1368 3196 7.
1392 3159 1445 3206 (1)
1469 3159 1516 3194 ad
1542 3171 1582 3195 os
1607 3160 1764 3206 linguale
1789 3172 1901 3208 usque
1927 3161 2094 3205 decurrit,
2115 3164 2209 3199 circa
2232 3166 2329 3212 quod

272 3236 494 3281 geniculatus
518 3235 718 3270 inflectitur.
770 3234 879 3269 Haud
903 3234 1027 3282 procul
1053 3232 1097 3267 ab
1123 3232 1245 3276 orgine
1272 3242 1321 3265 ex
1346 3237 1470 3266 aortae
1495 3236 1638 3273 trunco,
1673 3241 1796 3265 ramus
1822 3230 2001 3266 seclmdus
2026 3231 2163 3278 prodit,
2181 3239 2228 3268 -et
2252 3237 2328 3282 quj-

272 3304 356 3339 dem
382 3304 519 3341 divisus
541 3306 581 3339 in
606 3305 828 3352 superiorem
852 3303 930 3349 Fig.
955 3303 986 3340 7,.
1010 3301 1064 3349 (2)
1094 3306 1129 3336 et
1150 3301 1357 3336 inferiorem
1380 3300 1456 3345 Fig.
1484 3299 1516 3334 7.
1543 3298 1609 3345 (3),
1639 3301 1699 3346 qui
1722 3300 2031 3347 quemadmodum
2054 3313 2095 3336 ac
2116 3313 2240 3339 ramus
2261 3305 2326 3339 sub

272 3372 338 3409 No.
368 3377 397 3408 1.
421 3373 644 3419 designatus,
675 3373 874 3420 geniculate
902 3372 1147 3413 inflectuntur,
1180 3376 1216 3405 et
1240 3371 1333 3405 circa
1358 3382 1397 3405 os
1430 3369 1587 3415 linguale
1618 3369 1829 3412 decurrunt,
1860 3370 1916 3404 hic
1943 3371 2085 3405 ramulo
2117 3376 2326 3408 transverso

425 3477 473 3517 ⁹⁰)
497 3476 617 3532 Hor-'kd
633 3477 733 3519 perill.
755 3476 969 3518 physiologus,
992 3482 1174 3517 praeceptor
1196 3475 1269 3506 olim
1290 3474 1375 3511 mihi,
1399 3473 1627 3511 dilectissimus,
1643 3474 1784 3514 ipsemet,
1804 3476 2052 3515 experimentum
2075 3474 2245 3508 chemicuru
2268 3477 2326 3507 hoe

568 3526 709 3556 mstituit.

425 3583 473 3624 ⁹¹)
496 3582 516 3613 l.
539 3594 564 3613 e.
584 3593 655 3625 pag.
681 3584 769 3615 1203.

426 3642 475 3682 ⁹²)
499 3641 635 3678 spleckel,
654 3641 776 3672 Hdbch.
799 3643 827 3672 d.
852 3652 881 3681 p.
902 3641 940 3672 Α.
961 3640 999 3672 Π.
1025 3642 1051 3671 1.
1072 3650 1143 3681 pag.
1163 3640 1213 3670 96.
