2574 4123
1214 372 1275 423 222

226 511 345 556 hepar.
397 509 438 544 Iu
460 509 714 550 Salamandra,
737 520 828 555 quae
854 508 1115 553 longitudinem
1143 513 1273 554 quatur
1296 509 1381 556 poll.
1415 513 1450 542 et
1473 513 1626 554 quatuor
1649 507 1710 542 lin.
1740 508 1906 551 habebat,
1938 509 2078 559 hepatis
2100 509 2285 556 longitudo

226 580 351 615 decem
378 579 453 614 fere
479 579 537 613 lin.
573 586 660 622 erat,
686 578 837 613 latitudo
860 578 1016 624 quinque
1042 585 1074 611 et
1100 577 1261 613 dimidia.

373 648 478 691 Quod
500 648 547 684 ad
572 650 682 684 totius
705 648 863 695 corporis
896 648 1023 682 attinet
1056 647 1217 695 pondus,
1252 648 1394 696 hepatis
1417 648 1510 682 ratio
1536 654 1590 683 cst
1613 650 1629 683 1
1652 659 1659 681 ;
1685 648 1738 682 15.
1787 646 2000 695 Superficies
2024 655 2177 684 externa
2202 661 2285 684 con-

224 729 335 761 vexa,
356 720 496 753 interna
519 718 660 766 hepatis
683 728 861 759 convava,
886 718 1000 763 figura
1022 718 1265 763 irregulariter
1289 724 1344 754 est
1369 717 1619 765 trapezoidea,
1649 717 1851 763 superiores
1876 719 1998 763 anguli
2021 719 2138 754 obtusi
2161 718 2286 754 subro-

224 788 328 823 tundi
354 789 547 830 confluunt,
573 788 760 822 inferiores
784 787 974 835 paululum
1000 788 1298 824 accuminatiores
1322 794 1417 831 sunt,
1447 786 1576 822 accidit
1600 797 1874 834 saepenumem,
1899 793 1937 822 ut
1962 789 2115 833 angulus
2140 788 2287 822 inferior

222 859 396 902 internus,
426 857 568 905 saepius
593 863 812 899 attenuatus,
835 858 936 904 quasi
961 869 1160 905 processus,
1183 859 1220 893 in
1246 869 1378 894 cavum
1405 856 1610 892 abdominis
1635 856 1833 904 dependat,
1867 857 1952 892 w'de
1974 859 2135 905 exempli
2158 869 2286 893 caussa

222 927 310 963 Tab.
332 928 359 963 Ι.
384 928 460 973 Fig.
483 931 517 961 3.

371 998 583 1043 Ligamento
609 998 840 1044 suspensorio
863 997 1127 1043 longitudinali,
1142 1009 1191 1033 ex
1217 997 1401 1045 duplicato
1423 997 1634 1044 peritonaeo
1653 995 1821 1039 formato,
1848 1001 1990 1030 tenetur
2013 996 2127 1044 hepar
2146 996 2286 1032 Tab.11.

223 1067 300 1112 Fig.
324 1069 345 1103 5
370 1068 415 1110 (1.,
447 1065 579 1101 deinde
604 1072 727 1101 autem
749 1077 846 1101 vena
869 1079 961 1103 cava
987 1067 1034 1102 ad
1058 1079 1119 1101 cor
1141 1073 1363 1109 transeunte,
1394 1078 1491 1102 vena
1515 1065 1955 1113 hepatica-abdominali,
1987 1067 2118 1101 arteria
2144 1073 2288 1112 gastro-

222 1137 398 1183 cpiploica
421 1136 583 1178 sinistra,
619 1142 655 1169 et
678 1136 1103 1183 pancreatico-hepatica
1135 1134 1181 1182 (ξ.
1208 1134 1283 1180 31.)
1314 1138 1458 1181 organis
1483 1136 1628 1179 vicinis,
1658 1135 1836 1181 alligatur.
1886 1135 1944 1169 De
1968 1137 2067 1171 vasis
2090 1136 2289 1183 permultis,

222 1206 334 1253 hepar
355 1206 599 1253 implentibus,
616 1205 662 1240 de
685 1217 780 1241 vena
806 1211 992 1252 portarum
1019 1206 1202 1248 nimirum,
1218 1204 1264 1239 de
1285 1217 1382 1241 vena
1405 1217 1509 1247 cava,
1524 1204 1570 1239 de
1591 1216 1687 1240 vena
1712 1190 2133 1251 hepatico-abdominali
2156 1204 2202 1251 (ξ.
2215 1203 2288 1249 32.)

222 1276 268 1310 «le
292 1276 425 1310 arteria
449 1274 875 1323 pancreatico—hepatica
899 1280 934 1309 et
959 1275 1289 1322 gastro-epiploica
1314 1276 1460 1310 sinistra
1492 1273 1538 1321 (ξ.
1562 1274 1636 1319 31.)
1660 1274 1805 1309 uberius
1834 1273 2007 1309 diximus.
2059 1275 2114 1309 Ab
2145 1276 2289 1310 illorum

221 1346 401 1392 opinione,
429 1346 488 1391 qui
512 1345 626 1392 hepar
649 1350 689 1378 ut
712 1343 922 1389 glandulam
946 1344 1187 1387 considerant,
1211 1351 1337 1379 nostra
1359 1346 1509 1379 minime
1537 1344 1716 1379 abhorret.
1734 1343 1816 1389 ¹²0)
1866 1344 1908 1378 In
1932 1343 2073 1391 hepatis
2098 1345 2211 1379 latore
2235 1346 2288 1379 in-

220 1415 351 1450 feriore
380 1426 559 1457 concavo,
595 1414 698 1448 Iobus
731 1420 785 1448 est
816 1413 1220 1460 quadrato-oblongus,
1261 1413 1405 1460 oblique
1436 1420 1666 1450 transversus
1696 1413 1784 1448 Tab.
1808 1413 1851 1447 II.
1887 1413 1963 1459 Fig.
1987 1415 2008 1448 5
2026 1414 2080 1452 (1.,
2114 1416 2152 1449 in
2182 1427 2288 1461 quem

222 1496 316 1520 vena
340 1490 527 1532 portarum
550 1483 618 1528 (e)
641 1483 789 1525 transit,
822 1482 888 1517 sub
912 1494 982 1530 quo
1007 1483 1130 1518 vesica
1153 1483 1260 1517 fellea
1286 1484 1355 1517 sita
1378 1489 1432 1518 est
1454 1483 1611 1518 rotunda
1634 1483 1701 1528 Fig
1724 1483 1755 1518 5.
1779 1482 1846 1528 (f)
1873 1484 1910 1518 in
1936 1495 2006 1529 qua
2029 1483 2157 1519 ductus
2182 1486 2289 1530 cysti-

220 1566 283 1591 cus
306 1560 341 1588 et
362 1554 548 1601 hepaticus
572 1558 657 1588 sunt
679 1551 918 1588 discernendi.
970 1552 1001 1587 F
1003 1553 1048 1595 el,
1070 1553 1336 1598 graminicolor,
1359 1553 1653 1596 amaritudinem,
1676 1553 1987 1599 acrimoniamque
2008 1554 2176 1588 continet.
2194 1575 2241 1578 -—

1190 1716 1222 1762 ξ.
1257 1720 1313 1753 39.

368 1823 486 1856 Renes
518 1822 555 1855 in
588 1821 759 1855 columna
782 1822 978 1857 vertehrali
1005 1825 1184 1869 utrimque
1213 1824 1289 1865 siti,
1333 1835 1355 1858 a
1377 1822 1554 1859 vertebris
1582 1821 1786 1856 dorsalibus
1810 1827 1965 1868 quatuor
1986 1823 2216 1858 inferioribus
2239 1829 2292 1858 at-

221 1892 370 1935 tenuati,
393 1891 536 1936 angusti
558 1890 699 1925 initium
726 1897 886 1935 sumunt,
908 1893 1157 1939 paulatimque
1180 1893 1436 1936 intumescunt,
1458 1903 1572 1938 usque
1595 1890 1683 1926 dum
1708 1890 1827 1925 bulbis
1852 1891 2085 1927 subrotundis
2108 1891 2292 1927 finiuntur.

219 1961 308 1997 Tab.
330 1961 374 1996 II.
405 1961 481 2006 Fig.
511 1963 564 1994 12.
595 1960 773 2005 (oz-mxx)
800 1961 1001 1996 rubicundo
1035 1968 1120 1997 sunt
1150 1963 1270 1997 colore
1303 1968 1339 1997 et
1367 1968 1547 1998 structura
1577 1960 2163 2008 glanduloso-parenchymatosa.
2214 1962 2291 1998 Nisi

218 2032 327 2067 fallor
356 2029 576 2072 admodum,
618 2036 653 2063 et
683 2030 864 2077 duplicem
894 2032 1137 2067 substantiam
1175 2033 1371 2068 observare
1401 2033 1514 2080 potui.
1586 2031 1734 2066 Ductuli
1763 2031 1960 2066 albicantes
1993 2032 2079 2066 iude
2110 2032 2293 2079 prodeunt

220 2101 308 2135 Tab.
331 2100 374 2136 Π.
402 2100 478 2146 Fig.
506 2102 579 2142 12.,
612 2099 672 2145 qui
694 2099 880 2135 uretheres
906 2106 1146 2148 componunt,
1179 2106 1215 2136 et
1245 2113 1327 2136 cum
1353 2103 1586 2147 cartilagineo
1616 2101 1751 2135 orificio
1780 2101 1949 2134 annulari
1980 2102 2018 2135 in
2053 2102 2214 2136 eloacam
2237 2103 2291 2136 in-

222 2177 317 2206 eunt.
379 2169 451 2204 Sed
476 2168 644 2204 adnotari
669 2168 787 2212 debet,
807 2170 845 2204 in
868 2170 992 2206 stricto
1014 2170 1118 2206 verbi
1142 2181 1262 2213 sensu,
1294 2170 1478 2206 uretheres
1504 2170 1632 2205 adesse
1656 2170 1787 2211 nullos,
1811 2169 1950 2215 (quum,
1974 2168 2019 2203 de
2044 2171 2173 2216 quibus
2196 2183 2292 2206 nunc

190 2244 193 2247 '
222 2241 396 2282 diximus,
427 2239 623 2280 uretheres,
653 2238 741 2273 nihil
766 2239 865 2274 aliud
892 2239 1090 2287 quidquam
1115 2241 1208 2283 sint‚'
1230 2242 1300 2276 nisi
1323 2253 1413 2277 vasa
1439 2241 1650 2283 deferentia,
1686 2238 1895 2274 uretherum
1921 2246 2043 2274 autem
2066 2241 2291 2277 functionem

221 2310 479 2358 suscipientia‚)
511 2315 545 2342 et
576 2308 759 2344 uretheres
785 2310 962 2356 proprios,
985 2310 1065 2345 illos
1089 2322 1167 2345 esse
1191 2310 1368 2354 (luctulos,
1397 2316 1505 2346 antea
1535 2315 1849 2346 commemoratos.
1900 2309 1994 2344 Hinc
2018 2311 2072 2352 fir,
2103 2317 2143 2345 ut
2162 2312 2292 2358 perdo-

220 2387 298 2416 ctus
323 2380 382 2415 vir
408 2378 555 2414 Rama-e
581 2378 765 2413 uretheres
791 2379 887 2413 haud
911 2380 1102 2422 invenerit,
1123 2380 1206 2424 ¹²¹)
1237 2393 1391 2426 quorum
1419 2393 1502 2415 cum
1531 2380 1680 2415 vasibus
1711 2378 1956 2416 deferentibus
1986 2381 2136 2417 intimus
2161 2393 2292 2416 conne-

220 2461 305 2492 xus,
327 2449 509 2494 egregium
533 2449 653 2483 virum
675 2448 857 2483 Ruscom'e'
875 2446 973 2482 haud
997 2447 1097 2492 fugit.
1119 2446 1201 2492 ¹2²)

1211 2572 1242 2618 §-
1284 2576 1340 2607 40.

369 2680 497 2715 Vesica
518 2680 568 2714 sic
594 2679 688 2713 dicta
714 2679 892 2721 urinaria,
921 2689 1047 2713 saccus
1080 2684 1135 2713 est
1166 2677 1408 2724 n-icuspidalis
1433 2677 1746 2719 membranaceus,
1781 2678 1852 2723 qui,
1884 2677 2089 2714 abdominis
2121 2683 2293 2717 musculis

225 2758 260 2785 et
285 2751 494 2798 peritonaco
519 2749 661 2794 rejectis
683 2748 720 2781 iu
746 2754 978 2794 conspectum
1006 2749 1116 2783 venit.
1168 2747 1382 2792 Ligamento
1414 2747 1488 2780 lato
1519 2757 1638 2780 venae
1667 2732 2108 2793 hepaticossabdominalis
2136 2742 2292 2785 anterio-

225 2822 274 2856 ris
296 2820 418 2867 hepati
442 2824 496 2853 est
519 2828 685 2859 annexa,
722 2818 867 2852 cloacae
892 2823 1014 2852 autem
1041 2817 1175 2851 orificio
1208 2816 1441 2861 cartilagineo
1473 2816 1510 2849 in
1542 2816 1711 2850 inferiore
1737 2816 1902 2863 cuspide,
1937 2820 2065 2852 tractui
2095 2820 2293 2856 intestinali

226 2891 381 2936 denique
410 2888 599 2935 pelvisque
627 2887 841 2934 parietibus,
879 2887 953 2921 tela
984 2886 1191 2921 formativa.
1241 2884 1330 2920 Tab.
1358 2885 1384 2920 Ι.
1416 2885 1493 2931 Fig.
1518 2889 1538 2920 3
1550 2897 1591 2933 p.
1623 2885 1660 2920 in
1685 2885 1841 2919 normali
1862 2887 1934 2920 situ
1957 2886 2138 2933 depictam
2164 2890 2291 2926 videas

225 2960 313 2995 Tab.
330 2959 373 2993 11.
397 2958 473 3003 Fig.
492 2958 556 3004 tif.
581 2967 630 2991 ex
645 2968 794 3004 corpore
818 2962 1014 3004 sumptam,
1030 2968 1052 2990 a
1073 2956 1187 2991 latere
1208 2955 1399 2998 anteriore,
1416 2961 1452 2989 et
1466 2955 1542 3002 Fig.
1562 2957 1582 2991 5
1599 2955 1621 2989 ι’.
1641 2967 1662 2990 a
1682 2955 1898 3002 posteriore;
1922 2954 2032 2990 habet
2055 2964 2176 2994 autem
2201 2971 2293 2996 vasa

202 3060 205 3064 .
226 3029 422 3078 permulta,
448 3027 649 3073 geniculate
676 3026 904 3061 decurrentia
928 3026 1005 3072 Fig.
1031 3027 1063 3061 5.
1088 3025 1196 3071 (kk).
1247 3023 1377 3060 Utrum
1402 3031 1543 3069 autem,
1577 3031 1723 3060 auctore
1747 3025 1933 3070 ingenioso
1957 3027 2038 3062 viro
2065 3029 2198 3072 Carus,
2229 3042 2291 3065 ve-

226 3101 300 3136 sica
324 3099 495 3141 urinaria,
525 3097 681 3132 alantois
705 3097 752 3131 sit
772 3095 942 3131 habenda
960 3096 1043 3141 ¹²³)
1067 3107 1115 3131 an
1138 3107 1228 3138 non,
1261 3096 1440 3141 integrum
1464 3095 1697 3141 relinquatur.
1748 3094 1925 3141 Equidem
1949 3098 2130 3144 profiteor,
2160 3100 2290 3144 egregii

226 3170 297 3205 viri
321 3169 367 3204 R.
398 3168 546 3203 Towson
564 3165 647 3211 ¹²⁴)
678 3165 724 3200 de
758 3166 884 3211 organi
912 3166 1018 3211 hujus
1048 3166 1232 3200 functione
1263 3165 1404 3212 opinio,
1431 3165 1536 3211 longe
1564 3165 1702 3212 optima
1728 3165 1816 3200 mihi
1838 3167 1998 3213 placeat,
2030 3177 2080 3201 ex
2105 3178 2192 3213 qua,
2225 3181 2314 3215 pro>

228 3240 390 3280 humore,
421 3249 486 3284 per
512 3241 631 3271 cutem
657 3241 835 3282 suscepto,
865 3236 1020 3270 cisterna
1043 3237 1099 3278 sit,
1126 3234 1309 3282 quomodo
1331 3246 1413 3269 cum
1438 3235 1561 3270 vesica
1582 3235 1742 3270 urinaria
1765 3235 1856 3270 bene
1881 3237 1927 3271 sit
1951 3237 2207 3283 comparanda,
2231 3250 2290 3274 cu-

225 3310 285 3355 jus
311 3319 392 3343 cum
416 3312 497 3341 cute
517 3311 683 3340 mutuam
708 3306 921 3340 relationem
946 3305 983 3339 in
1007 3311 1101 3340 statu
1124 3306 1280 3340 normali
1302 3304 1559 3352 physiologice,
1586 3310 1621 3338 et
1642 3306 1868 3352 pathologico
1892 3306 2035 3341 scimus.
2058 3325 2105 3330 —

384 3411 452 3451 ¹²⁰)
472 3410 523 3441 De
544 3409 706 3441 functione
726 3409 847 3452 hepatis
869 3420 946 3440 sana
969 3416 999 3440 et
1020 3410 1117 3447 laesa,
1141 3410 1262 3440 dissert.
1287 3415 1415 3440 auctore
1438 3408 1604 3441 Lort'nser.
1649 3408 1788 3442 Berolini
1811 3409 1900 3443 1817.
1925 3420 1996 3452 pag.
2020 3409 2067 3441 15.
2091 3413 2118 3449 ξ.
2141 3412 2187 3442 12.

385 3468 453 3510 ¹²¹)
475 3469 495 3500 l.
521 3480 547 3500 c.

388 3526 454 3568 122)
475 3528 495 3558 Ι.
517 3539 543 3558 c.

387 3585 455 3626 ¹²³)
474 3585 638 3618 Zootomie
659 3598 730 3628 pag.
752 3586 821 3621 595,
846 3585 914 3618 561.
959 3585 1135 3617 Dresdener
1159 3585 1338 3617 Zeitschrift
1359 3592 1417 3617 etc.
1439 3597 1510 3627 pag.
1533 3585 1601 3618 140.

388 3645 454 3685 ¹²⁴)
481 3645 501 3676 l.
524 3657 549 3676 c.
