2574 4123
983 369 1312 425 ,ww-47

552 510 789 541 Adnotatio.
834 506 948 545 Quum,
975 515 1177 549 quaecunque
1197 505 1358 547 hucusque
1381 503 1567 534 contulimus
1597 503 1794 540 miraculosa,
1821 503 1917 544 digna
1943 504 2117 541 videantur,
2139 514 2218 546 quae
2244 503 2313 535 irri-

403 565 544 601 deantur,
572 564 599 593 si
620 573 663 592 ex
685 564 782 593 nostri
804 562 951 604 temporis
973 561 1100 597 notitia,
1124 570 1216 602 quam
1243 559 1282 590 de
1303 558 1361 589 hac
1387 568 1422 587 re
1450 556 1619 595 habemus,
1644 558 1790 598 judicare
1812 556 1979 595 vellemus,
2005 558 2084 589 haec
2112 564 2216 587 tamen
2235 557 2314 588 falsa

400 618 482 649 foret
499 626 656 653 mensura,
685 626 779 657 quum
800 616 943 657 quodque
964 625 1005 644 ex
1028 625 1085 644 suo
1105 613 1317 644 tantummodo
1338 619 1477 652 tempore
1496 617 1581 640 recte
1602 611 1642 641 sit
1661 611 1898 652 intelligendum
1927 616 1958 640 et
1980 610 2314 653 comprehendendum.

401 670 549 702 Nostrum
570 676 673 701 autem
694 675 824 710 tempus,
845 679 918 699 num
937 679 956 698 a
975 667 1163 704 miraculosi,
1186 668 1319 706 mystici,
1339 672 1372 696 et
1393 665 1566 707 portentosi
1586 664 1717 695 liberum
1736 671 1784 695 est
1806 665 2026 706 propensione,
2053 667 2086 696 in
2113 664 2199 695 hisce
2220 663 2313 694 rebus

401 723 571 765 imprimis}
594 723 736 760 Minime,
754 721 931 763 exemplum
949 722 1088 763 reperias
1109 721 1226 751 Lector
1243 718 1395 750 benevole
1418 719 1451 748 in
1471 717 1670 759 ephemeride
1689 730 1768 761 quae
1790 719 1823 748 in
1843 719 1981 748 omnium
2001 718 2067 749 fere
2087 720 2197 749 teritur
2217 718 2316 748 mani-

402 776 477 815 bus,
504 788 595 820 quam
617 777 736 807 dicunt:
757 776 819 807 den
839 774 1040 807 Beobaclzcer
1068 785 1111 806 an
1131 774 1190 805 der
1215 772 1330 815 Spree.
1360 772 1481 813 ¹25sler
1502 770 1685 814 Jahrgang.
1731 772 1820 804 15tes
1843 771 1948 803 Stack.
1993 773 2087 803 lOten
2106 773 2205 813 April
2226 771 2315 801 1826.

400 841 478 873 pag.
501 832 559 862 139
585 835 646 862 etc.

484 884 581 923 „Aus
607 883 759 915 carolina
777 880 837 913 hat
855 893 927 914 man
951 883 1004 913 ein
1024 880 1098 912 sehr
1120 882 1258 912 seltenes
1284 879 1378 913 Thier
1399 878 1482 911 nach.
1502 877 1637 909 London
1655 878 1822 919 gebracht.
1865 877 1912 910 Es
1942 880 2051 911 warde
2080 882 2114 910 in
2140 880 2201 910 den
2228 879 2316 911 17ἅῖ-

485 939 589 976 „dern
609 948 670 969 von
694 936 820 967 Guz'nea
842 935 1105 975 (Nordamerz'ca)
1124 936 1301 976 gefangen.
1347 933 1425 966 Sez‘n
1443 932 1550 974 Kopf
1558 932 1681 974 glez‘clct
1695 935 1894 964 vollkommen
1914 935 2014 964 ez‘nem
2031 932 2242 975 Ziegeukopf,
2261 933 2319 965 hat

485 992 586 1030 „aber
605 989 717 1033 grosse
739 989 878 1020 He’rner.
917 989 1007 1020 Der
1034 988 1210 1029 Kiirper
1235 990 1317 1020 soll
1348 991 1418 1019 mit
1452 987 1536 1019 dem
1572 989 1687 1018 eines
1712 987 2064 1018 Fraaenzimmers
2093 985 2318 1018 Aelznlielz-

485 1048 599 1084 „keil
626 1043 766 1075 lcaben.
812 1042 891 1075 Sein
908 1042 986 1076 Fell
1004 1046 1046 1074 ist
1068 1041 1160 1082 meiss-
1178 1042 1246 1074 und
1265 1047 1348 1074 zart.
1391 1041 1439 1073 Es·
1460 1044 1537 1073 sitzt
1556 1043 1626 1081 auf
1640 1042 1701 1073 den
1719 1041 1970 1080 Ifi'nleaefiissen,
1996 1041 2062 1072 und
2083 1040 2215 1072 bedeclzt
2232 1040 2318 1072 datm

484 1103 563 1137 „mit
578 1099 640 1129 den
665 1096 899 1137 Vorderfitjssen
920 1095 1109 1128 sckiichtern
1129 1100 1217 1128 seiae
1239 1096 1390 1128 Briisle.⁷’

402 1154 547 1185 Attamen
570 1152 710 1183 dubitare
734 1162 797 1182 non
818 1161 994 1192 possumus,
1014 1150 1185 1192 Antilopen
1207 1151 1415 1182 americanam
1438 1161 1508 1181 esse
1530 1147 1755 1192 significatam,
1786 1159 1878 1191 quam
1902 1151 1948 1180 vir
1969 1150 2134 1190 perdoctus
2156 1147 2319 1179 Hamilton

405 1206 504 1238 Smilla
532 1208 664 1249 primum
693 1206 856 1247 descripsit
886 1206 920 1235 in
946 1206 1024 1235 actis
1052 1204 1226 1236 sodalitatis
1248 1204 1399 1237 Limtaei.
1429 1203 1508 1236 XIII
1530 1203 1622 1236 Tom.
1665 1202 1735 1235 Nisi
1763 1203 1854 1234 fallor
1879 1210 1911 1234 et
1935 1204 1981 1234 vir
2002 1204 2169 1245 perdoctus
2190 1201 2318 1234 Melina

403 1261 544 1302 ejusdem
562 1259 705 1292 animalis
723 1260 916 1291 mentionem
937 1258 1020 1289 fecit.
1040 1277 1080 1282 --

1219 1382 1250 1429 §-
1303 1387 1358 1420 93.

402 1492 537 1526 Locum
565 1491 634 1526 huc
658 1489 890 1526 referend1m1
917 1489 1116 1525 admodum
1140 1501 1290 1536 gravem
1322 1499 1372 1524 ex
1396 1489 1568 1536 epistola,
1602 1489 1693 1523 salse
1715 1487 1859 1523 Ioanni
1879 1488 2098 1534 Presbytero
2124 1489 2316 1537 adscripta,

254 1562 439 1596 nobiscum
465 1561 709 1596 communicat
734 1561 783 1595 (In
807 1560 947 1595 Fresne
972 1560 1137 1595 dominus
1155 1560 1205 1595 dn
1231 1561 1356 1605 Gange
1375 1558 1468 1604 249).

499 1629 578 1673 „In
606 1629 684 1664 alia
709 1630 871 1676 quadam
885 1630 1102 1677 provincia,
1124 1631 1243 1677 jnxta
1274 1628 1458 1664 torridam
1482 1640 1630 1670 zonam,
1662 1632 1749 1662 sunt
1766 1638 1925 1669 cermeS,
1956 1627 2021 1674 qai
2039 1628 2078 1662 in
2099 1628 2229 1673 lingua
2253 1640 2316 1663 no-

453 1705 556 1743 „stra
581 1699 857 1734 Salamandrae
887 1699 1069 1733 dicuntur.
1119 1699 1195 1733 Isti
1217 1710 1358 1733 vermes
1386 1710 1460 1732 non
1483 1702 1642 1745 possunt
1662 1696 1800 1739 rit-ere,
1833 1696 1907 1730 nisi
1921 1696 1960 1731 in
1991 1697 2081 1742 igni,
2092 1698 2318 1746 faciantque

451 1769 659 1817 „pelliciam
683 1768 870 1815 quandam
893 1768 997 1802 circa
1020 1780 1076 1810 se,
1106 1768 1204 1803 sicat
1223 1767 1294 1802 alii
1311 1779 1469 1810 vermes,
1500 1766 1730 1814 quisae-iant
1749 1766 1916 1801 sericam.
1966 1766 2074 1801 Haec
2091 1767 2272 1815 pellicula
2294 1781 2320 1803 a

453 1837 691 1880 „dominabus
708 1837 851 1884 palatii
866 1837 987 1871 nostri
1006 1836 1161 1872 studiose
1185 1842 1373 1885 operatur.
1435 1836 1487 1871 Et
1504 1836 1588 1870 inde
1612 1834 1785 1870 habemus
1809 1840 1924 1870 restes
1945 1840 1985 1870 et
1996 1848 2145 1883 pannos
2171 1837 2224 1871 ad
2243 1849 2318 1871 om-

451 1920 558 1951 „nem
579 1920 683 1942 asum
705 1907 946 1941 excellentiae
968 1912 1128 1941 nostrae.
1191 1907 1266 1941 Iste·
1275 1906 1402 1954 panni
1417 1906 1565 1940 nonnisi
1584 1905 1667 1950 igni
1685 1916 1839 1940 accenso
1849 1905 2013 1951 fortiter
2034 1905 2247 1942 lat-anffiar.”
2270 1927 2318 1932 ——

402 1976 503 2012 Idem
530 1982 565 2011 et
588 1975 787 2011 monachus
813 1976 994 2011 Vicentz'ns
1019 1975 1155 2011 ordinis
1178 1977 1232 2011 St.
1256 1976 1451 2011 Benedicti
1472 1975 1664 2011 adnotavit
1687 1973 1780 2019 ²⁵0).

500 2035 781 2090 „Salamandra
806 2046 962 2093 profert
984 2045 1096 2081 etiam
1119 2046 1246 2082 lanam
1271 2046 1457 2093 quandam
1477 2044 1664 2092 pallidam
1688 2044 1733 2079 (le
1758 2056 1832 2091 qua
1857 2049 2053 2080 contextae
2078 2056 2194 2081 zonae
2220 2058 2316 2081 com-

451 2115 562 2158 „bari
575 2127 649 2150 non
659 2124 662 2126 ·
671 2119 832 2162 possunt.
842 2121 859 2133 ’¹
880 2134 928 2139 —

1213 2262 1244 2308 ξ.
1293 2263 1349 2298 94.

402 2367 601 2414 Scriptores
626 2378 648 2401 a
672 2365 704 2412 ξ.
729 2367 787 2401 86.
810 2378 924 2413 usque
947 2367 994 2402 ad
1019 2366 1049 2412 ξ.
1072 2369 1127 2402 95.
1152 2367 1251 2400 citati
1273 2367 1360 2400 satis
1386 2367 1585 2400 luculenter
1609 2366 1859 2400 demonstrare
1884 2365 1972 2399 mihi
1995 2366 2175 2410 videntur,
2207 2380 2314 2415 quae·

255 2448 394 2484 cunque
415 2437 453 2471 in
478 2434 508 2482 ξ.
525 2438 581 2470 84.
609 2435 654 2469 de
679 2435 921 2470 Salamandra
947 2447 1029 2470 cum
1055 2434 1198 2470 asbesto
1227 2445 1253 2468 s.
1281 2434 1454 2476 amianto,
1476 2445 1558 2468 cum
1585 2434 1762 2478 bombyce
1788 2440 1824 2467 et
1846 2444 1980 2469 aranea
2002 2436 2153 2471 confusa
2179 2444 2214 2471 et
2236 2450 2315 2485 per-

253 2507 398 2541 turbata
425 2505 605 2547 diximus,
638 2510 674 2538 et
695 2515 791 2538 mmc
813 2504 960 2539 demum
985 2505 1023 2538 in
1046 2516 1088 2538 eo
1114 2514 1239 2547 sumus
1268 2509 1309 2537 ut
1333 2504 1421 2538 satis
1450 2509 1586 2538 rectam
1620 2503 1666 2538 de
1691 2503 1804 2538 verbo
1827 2505 1966 2556 ³5³-an
2001 2504 2174 2540 exhibere
2201 2509 2317 2554 possi-

253 2588 335 2611 mus
358 2575 650 2622 explicationem.
699 2572 882 2608 [aimerus
906 2585 971 2619 per
993 2573 1132 2620 Spe’nne
1165 2573 1203 2606 in
1232 2572 1356 2618 lingua
1388 2572 1586 2608 vernacula
1617 2573 1814 2619 expressit3
1852 2577 1888 2605 ct
1916 2580 2013 2607 recte
2042 2574 2232 2610 admonuit
2259 2578 2318 2613 vir

253 2646 303 2680 ill.
325 2642 492 2680 Benecke
512 2641 596 2687 2⁵¹)
627 2640 921 2687 σαμμαναρίτης
943 2653 1072 2677 vocem
1099 2653 1178 2676 esse
1204 2648 1429 2686 corruptam,
1453 2647 1489 2674 et
1513 2642 1720 2676 verosimile
1746 2651 1835 2683 esse,
1858 2646 1898 2675 ut
1921 2652 2003 2676 cum
2024 2643 2165 2696 nan-Qu?
2185 2656 2317 2680 conne-

254 2725 347 2749 xum
371 2713 514 2747 habeat.
562 2712 663 2747 Haec
688 2712 796 2757 igitur
816 2721 895 2747 vox
919 2710 1009 2745 nihil
1035 2710 1132 2746 aliud
1155 2710 1352 2757 quidquam
1375 2710 1574 2755 significare
1598 2715 1717 2754 potest
1741 2710 1764 2744 l.
1784 2721 1812 2744 c.
1836 2710 1905 2745 nisi
1932 2722 2104 2747 araneam
2130 2692 2190 2748 V-el
2214 2714 2317 2750 bom-

254 2784 395 2829 bycem,
420 2788 456 2816 et
479 2781 727 2826 interpretatio
753 2781 1010 2827 qualiscunque
1037 2781 1108 2815 alia
1131 2786 1227 2815 certe
1251 2780 1345 2815 falsa
1371 2785 1435 2822 est,
1459 2791 1541 2814 eam
1564 2780 1610 2814 ob
1632 2790 1798 2814 caussam
1820 2785 1856 2813 et
1879 2780 2071 2824 Baccara,
2096 2781 2181 2817 vide
2203 2781 2234 2829 ξ.
2259 2783 2316 2820 71.

404 2851 553 2886 Silentio
582 2851 869 2895 praetermittere
900 2862 974 2886 non
1005 2861 1171 2895 possum,
1202 2861 1309 2896 quem
1334 2848 1427 2884 vidit
1448 2849 1484 2884 in
1511 2860 1637 2884 museo
1665 2849 1869 2884 anatomico
1902 2849 2047 2885 scholae
2074 2852 2315 2888 veterinariae

256 2922 490 2963 alforfiensis,
514 2931 656 2963 casum,
682 2921 740 2955 vir
760 2920 1022 2957 illustrissimus
1049 2919 1241 2967 Radolpln'
1256 2916 1338 2962 ²⁵²)
1370 2930 1541 2963 magnam
1567 2919 1738 2954 nimirum
1761 2918 2041 2954 Salamandram
2066 2920 2314 2965 incrustatffln,

257 2993 293 3025 iu
319 3001 452 3038 vaccae
473 2990 616 3025 rumine
633 2995 825 3034 repertam.

1215 3126 1247 3173 s.
1291 3129 1345 3162 95.

406 3231 484 3275 Quo
506 3233 767 3278 imperfectior,
798 3245 858 3275 eo,
892 3234 989 3279 quod
1019 3245 1114 3268 nunc
1138 3234 1374 3269 tractavimus
1395 3238 1577 3276 tempore,
1606 3243 1727 3267 rerum
1752 3233 1973 3268 naturalium
1996 3239 2072 3269 erat
2097 3238 2240 3283 notitia,
2269 3253 2312 3277 eo

259 3302 373 3347 magis
395 3309 522 3338 notatu
547 3303 695 3349 dignum
721 3308 786 3343 est,
810 3303 932 3338 virum
953 3303 1115 3347 pluribus
1140 3303 1292 3337 saeculis
1318 3302 1472 3347 tempori
1497 3313 1562 3337 suo
1585 3302 1817 3346 praecessise,
1841 3301 2016 3338 Marcum
2037 3304 2196 3343 Paulam
2220 3309 2312 3353 dico,

410 3405 422 3422 ε
434 3405 480 3446 ω’)
502 3406 684 3485 Glofsslarixlm
698 3407 736 3438 ad
751 3408 917 3488 scpiptores
934 3406 1056 3438 mediae
1080 3413 1172 3449 atque
1192 3406 1319 3438 infimae
1339 3407 1500 3438 latinitatis
1520 3406 1569 3436 ed.
1584 3406 1626 3438 clu
1640 3405 1766 3437 Fresne
1781 3406 1862 3437 dom.
1883 3406 1925 3438 du
1943 3405 2061 3449 Gange.
2105 3408 2204 3443 Paris.
2222 3412 2310 3448 1736.

568 3466 586 3485 o
600 3477 607 3485 .
660 3478 667 3486 .
688 3467 759 3497 pag.
804 3456 832 3485 6.

411 3511 481 3551 ²⁵⁰)
508 3511 665 3543 Vincentia*
681 3513 840 3555 speculum
863 3513 1012 3544 naturale.
1057 3513 1158 3545 Duaci
1180 3511 1269 3544 1624.
1290 3513 1342 3545 fol.
1362 3511 1439 3543 XX.
1462 3523 1529 3553 cap.
1549 3512 1599 3543 63.

411 3569 480 3609 ²⁵¹)
503 3570 523 3600 l.
547 3582 572 3601 c.
594 3582 666 3612 pag.
690 3571 759 3606 476.

411 3627 481 3669 252)
502 3628 754 3671 Abhandlungen
776 3632 830 3663 der
850 3630 970 3672 konigl.
994 3630 1163 3662 Academia
1185 3630 1240 3662 der
1260 3628 1532 3662 VVissenschaften
1548 3640 1588 3661 zu
1606 3628 1722 3661 Berlin.
1764 3628 1841 3660 Jahr
1861 3629 1951 3660 1812.
1979 3640 2052 3673 pag.
2074 3631 2142 3663 181.

1827 3692 1919 3728 M2
