2574 4123
1261 351 1322 404 15

1261 488 1325 524 IV.

957 572 1256 617 Systemoe
1328 581 1635 606 sensuum.

1225 701 1257 748 ξ.
1292 705 1349 737 24.

414 802 548 845 Sensus
573 808 834 855 determinavit
851 809 1056 854 ingeniosus
1082 811 1199 844 Carus
1221 807 1279 852 ³¹)
1314 801 1451 842 animal
1475 805 1688 841 individuae
1710 805 1930 840 existentiae
1953 803 2155 850 transgredi
2179 804 2322 844 limites,

265 882 347 913 cum
370 885 525 913 externa
548 886 679 914 natura
704 879 793 912 inire
818 879 1020 912 conflictum
1043 884 1163 924 atque,
1192 878 1248 912 his
1268 875 1522 912 tantummodo
1554 887 1636 910 cum
1658 881 1800 917 natura,
1822 874 2104 920 (macrocosmo,
2135 872 2323 916 universo)

265 949 485 994 singularem
510 955 651 995 partem
674 946 995 993 (microcosmum),
1016 958 1094 981 esse
1120 958 1341 989 connexum,
1356 952 1532 993 quatenus
1555 944 1720 980 sensibus
1744 956 1783 979 se
1806 944 1950 979 sibimet
1973 943 2042 990 ipsi
2066 943 2272 984 constituat,
2288 947 2324 976 et

263 1019 363 1053 vitae
394 1017 573 1063 gerendae
599 1023 707 1063 atque
736 1016 978 1051 instituendae
1008 1017 1165 1063 reperiat
1193 1016 1382 1050 rationem.
1402 1015 1459 1060 8²)
1490 1035 1537 1039 —
1585 1014 1647 1048 Ex
1678 1015 1835 1048 notionis
1863 1020 1994 1048 natura
2019 1013 2162 1055 divina,
2191 1011 2325 1057 Hegel‚

263 1086 560 1134 philosophorum
581 1087 760 1133 princeps,
785 1085 1042 1121 determinavit
1065 1097 1204 1128 sensus,
1233 1086 1270 1120 in
1292 1085 1496 1121 necessaria
1517 1084 1769 1130 conjunctione
1793 1094 1871 1125 sua,
1902 1093 2011 1129 quam
2033 1087 2206 1129 sequutus
2232 1093 2324 1125 sum,

264 1167 462 1202 sensusque
483 1155 552 1190 hoc
575 1155 702 1191 ordine
726 1154 909 1204 descripsi.
931 1176 979 1181 —

411 1224 565 1268 Visus,
596 1236 706 1272 quam
730 1226 922 1272 purissime
943 1224 1072 1260 idealis
1094 1229 1148 1259 est
1172 1234 1311 1268 sensus,
1342 1229 1425 1259 sunt
1448 1223 1621 1259 nimirum
1644 1234 1701 1257 res
1726 1222 1763 1256 in
1787 1221 1945 1267 imagine
1967 1220 2237 1268 quodammodo
2260 1232 2323 1256 no-

262 1293 317 1328 bis
339 1293 458 1337 datae,
480 1295 518 1329 in
539 1295 743 1340 integritate
766 1306 833 1329 sua
861 1294 1029 1330 absoluta
1051 1299 1300 1336 conservatae,
1321 1292 1497 1338 nobisque
1522 1292 1720 1338 oppositae.
1771 1290 1960 1333 Tactus,
1985 1300 2141 1338 corpora·
2158 1297 2324 1326 concreta

262 1362 527 1406 tantummodo,
544 1363 675 1411 cupida
690 1365 803 1411 quasi,
825 1370 865 1398 ut
888 1364 1125 1398 existentiam
1149 1374 1253 1397 suam
1280 1363 1318 1396 in
1330 1373 1409 1403 nos,
1426 1360 1658 1402 contendant,
1674 1359 1778 1394 nobis
1802 1360 1962 1407 opponit.
1998 1360 2039 1394 In
2064 1360 2238 1395 olfactu
2261 1372 2324 1396 au-

264 1438 357 1476 tem,
386 1445 536 1480 corpora
559 1438 739 1477 concreta,
771 1434 910 1479 integra
934 1438 1052 1475 antea,
1083 1443 1179 1467 nunc
1202 1434 1327 1474 aerea,
1360 1436 1396 1465 et
1420 1429 1607 1476 dissipata,
1637 1429 1848 1476 incorporea
1873 1428 2143 1476 quodammodo
2165 1429 2272 1473 facta,
2302 1442 2325 1466 a

263 1502 368 1537 nobis
391 1504 605 1538 sentiuntur.
657 1504 813 1545 Gustu,
839 1514 990 1550 corpora
1013 1501 1188 1537 sentimus
1211 1500 1393 1536 stillaticia
1416 1504 1451 1533 et
1474 1498 1661 1541 dissoluta,
1679 1509 1790 1545 quare
1813 1499 1965 1533 olfactus
1987 1502 2023 1532 et
2045 1503 2169 1544 gustus
2194 1510 2324 1546 parum

263 1577 326 1606 aut
352 1570 444 1606 nihil
480 1572 574 1605 inter
604 1583 643 1607 se
675 1571 898 1619 discrepant,
935 1577 971 1605 et
1001 1565 1116 1606 Saevi
1142 1571 1180 1606 in
1210 1581 1325 1605 unum
1356 1567 1593 1604 confundunt.
1659 1567 1821 1615 Corpora
1849 1573 1989 1610 autem,
2027 1568 2263 1603 concutiendo
2294 1570 2325 1604 si

262 1640 484 1676 daemonum
505 1652 607 1676 more
628 1646 811 1684 resonant,
827 1646 864 1675 et
885 1641 1047 1675 animam
1068 1640 1156 1687 ipsis
1182 1650 1381 1681 annexam,
1400 1638 1553 1674 w'nculis
1576 1642 1715 1672 tentam
1738 1636 1919 1684 corporeis
1942 1636 2134 1684 deplorant
2149 1637 2323 1683 quodam-

262 1710 384 1755 modo,
407 1709 465 1756 ⁸3)
493 1710 670 1754 auditu,
692 1711 714 1745 i.
735 1722 765 1744 e.
790 1720 880 1745 aura
902 1715 1013 1752 mota,
1035 1708 1265 1744 solummodo
1294 1709 1513 1751 sentiuntur;
1546 1706 1712 1753 designat
1733 1707 1841 1752 igitur
1864 1706 1921 1740 lu‘c
1944 1717 2071 1741 sensus
2094 1707 2237 1741 tertiam
2260 1719 2323 1741 no-

262 1781 371 1815 tionis
396 1776 564 1823 formam,
591 1780 750 1815 reditum
773 1779 886 1814 animi
907 1780 1079 1814 nimirum
1103 1784 1302 1813 aeternlun.
1360 1777 1578 1813 Dialecticos
1600 1776 1739 1819 videas,
1770 1787 1915 1822 quaeSO,
1942 1785 2153 1822 progressus
2174 1775 2323 1822 hujusce

263 1849 514 1897 expositionis,
537 1848 602 1885 sed
623 1860 698 1884 non
721 1849 884 1896 opusculi
904 1847 1124 1896 respondeat
1148 1848 1308 1890 consilio,
1331 1848 1386 1883 sin
1408 1846 1477 1881 hoc
1501 1845 1657 1893 penitius
1683 1850 1718 1879 et
1742 1845 1944 1880 accuratius
1969 1849 2120 1880 tractem
2146 1850 2182 1879 et
2205 1844 2322 1880 deter-

264 1919 419 1963 minem;
441 1918 530 1955 haec
552 1920 660 1964 igitur
682 1917 874 1955 sufficiant!
897 1937 944 1942 —

1228 2043 1259 2088 s.
1294 2044 1351 2077 25.

411 2149 530 2198 Supra
553 2148 600 2196 (ξ.
627 2148 676 2195 8.)
702 2149 838 2184 orbitae
864 2155 1007 2184 osseam
1031 2149 1267 2194 cognovimus
1290 2147 1605 2188 constructionem,
1628 2157 1736 2192 quam
1760 2146 1918 2181 breviter
1939 2151 2114 2193 repetere,
2138 2147 2237 2184 haud
2262 2159 2322 2185 su-

262 2230 531 2268 pervacaneum
553 2219 643 2254 mihi
664 2219 817 2254 videtur.
869 2217 1125 2254 Conformatur
1148 2223 1271 2254 autem
1293 2229 1374 2252 osse
1396 2215 1636 2262 zygomatico‚
1653 2216 1841 2257 lacrimali,
1863 2215 2021 2258 frontali,
2044 2217 2222 2263 parietali,
2239 2231 2321 2266 pro-

263 2297 366 2325 cessu
393 2289 620 2337 postorbitali
648 2289 739 2323 ossis
767 2286 935 2334 quadrati
962 2293 998 2322 et
1021 2288 1217 2333 ligamento
1241 2286 1483 2334 postor-bitali;
1520 2285 1616 2320 infra
1640 2290 1767 2332 aperta
1797 2290 1868 2327 est,
1895 2296 2005 2332 supra
2028 2287 2212 2333 parotide‚
2249 2289 2322 2323 tela

263 2359 460 2394 formativa
482 2364 518 2393 et
537 2364 617 2392 cute
638 2363 674 2391 et
695 2357 825 2402 tegitur
848 2363 883 2391 et
904 2357 1085 2402 impletur,
1107 2356 1202 2391 latus
1225 2357 1421 2396 internum,
1449 2360 1627 2400 apertum,
1659 2353 1883 2395 membrana,
1913 2355 1984 2389 oris
2006 2356 2200 2391 cavitatem
2223 2358 2321 2391 obte-

264 2433 370 2474 gente
391 2426 583 2469 inducitur,
616 2427 673 2462 vir
695 2425 939 2459 nobilissimus
964 2423 1004 2458 la
1028 2423 1168 2471 Cepede
1189 2422 1247 2469 ⁸4)
1272 2424 1323 2458 ita
1346 2422 1530 2458 describit:
1569 2421 1697 2465 „Lem
1722 2422 1837 2456 orblte
1860 2428 1916 2457 est
1934 2423 2105 2459 saz'llante
2130 2425 2223 2461 dans
2243 2427 2320 2461 bin—

263 2497 427 2540 „terz'eur
448 2495 497 2530 du
511 2495 658 2544 palaz's,
689 2499 727 2529 et
749 2494 817 2530 elle
843 2507 870 2540 y
894 2499 949 2528 est
964 2505 1124 2540 presque
1148 2494 1320 2528 entoure‘e
1349 2493 1434 2527 d’zm
1454 2504 1554 2536 rang
1579 2492 1623 2525 de
1653 2490 1728 2525 tres
1744 2491 1882 2538 pete'tes
1909 2492 2032 2536 dents,
2060 2494 2271 2532 semblables
2296 2498 2321 2533 (ὶ

263 2566 405 2610 „celles,
430 2565 496 2612 qui
511 2565 727 2609 garm'ssent
745 2563 797 2597 les
817 2561 1066 2604 machoz'res;”
1089 2560 1154 2596 sed
1176 2561 1245 2595 hoe
1266 2561 1401 2596 falsum
1426 2572 1516 2603 esse,
1541 2559 1770 2606 perspicuum
1795 2566 1859 2596 est.
1904 2559 1950 2607 (ξ.
1975 2560 2025 2607 8.)

412 2634 515 2669 Oculi
537 2633 677 2675 bulbus,
698 2632 894 2679 pisiformis
919 2636 984 2672 est,
1005 2630 1093 2665 Tab.
1109 2630 1152 2664 Π.
1179 2630 1256 2675 Fig.
1282 2632 1335 2664 16.
1358 2631 1385 2664 I.
1411 2640 1525 2664 nervo
1549 2629 1678 2675 opticO,
1704 2634 1740 2662 et
1761 2629 1924 2664 musculo
1949 2631 2139 2676 trigemino
2164 2635 2319 2670 motorio

263 2698 301 2738 in
324 2703 439 2738 orbita
461 2708 515 2737 est
536 2701 679 2736 affixus.
730 2700 830 2736 Cutis
852 2701 903 2734 ita
926 2704 1042 2734 totum
1064 2699 1220 2734 involvit
1243 2699 1411 2741 bulbum,
1444 2704 1484 2732 ut
1509 2708 1640 2732 cornea
1664 2698 1917 2734 tantummodo
1939 2702 2151 2748 prospiciat,
2182 2705 2220 2738 in
2249 2717 2319 2752 quo

264 2773 400 2809 animal
422 2773 576 2814 mirum,
604 2777 750 2806 torvum
773 2776 808 2804 et
830 2769 998 2804 obtusum
1022 2768 1131 2803 habet
1154 2769 1316 2811 vultum,
1337 2767 1394 2813 ⁸⁵)
1427 2767 1521 2802 hanc
1552 2767 1646 2802 oculi
1676 2767 1870 2811 fabricam,
1904 2775 2140 2817 prototypum
2172 2773 2210 2808 in
2241 2775 2318 2809 vita

264 2842 413 2890 humani
436 2841 655 2886 embryonis,
678 2839 881 2885 designavit
911 2839 1025 2886 perill.
1046 2837 1201 2873 IlIeckel.
1226 2837 1284 2882 Β6)
1324 2837 1547 2873 Glandulam
1572 2837 1795 2872 lacrimalem
1818 2849 1900 2873 cum
1926 2846 2115 2887 apparatu,
2141 2841 2239 2877 haud
2264 2845 2317 2878 in-

264 2913 362 2948 veni.
410 2911 562 2946 Ratione
583 2909 707 2944 habita
740 2908 788 2944 ad
817 2908 1059 2950 sela-uticam,
1088 2918 1220 2942 cornea
1251 2912 1306 2942 est
1338 2908 1473 2953 exigua
1503 2905 1775 2949 tantummodo,
1813 2906 1877 2942 sed
1899 2909 2083 2954 perlucida
2106 2911 2317 2955 admodum,

264 2981 472 3017 sclerotieae
492 2978 691 3014 crassitudo
717 2986 791 3013 non
814 2977 946 3024 ubique
968 2975 1096 3011 eadem
1121 2982 1192 3020 est,
1224 2975 1289 3012 sed
1311 2976 1429 3011 differt
1449 2987 1680 3023 summopere
1711 2975 1789 3021 Fig.
1817 2977 1870 3011 16.
1892 2976 1935 3011 II.
1955 2977 2011 3012 hie
2036 2985 2072 3012 et
2094 2980 2176 3014 illic.
2226 2982 2315 3017 Ner-

267 3062 336 3086 vus
369 3050 508 3098 opticus
539 3047 682 3095 oblique
709 3047 919 3096 paululum,
949 3047 988 3081 in
1015 3056 1198 3083 cameram
1227 3047 1321 3082 oculi
1350 3046 1586 3094 posteriorem
1610 3045 1721 3081 intrat
1750 3045 1828 3092 Fig.
1857 3047 1911 3082 16.
1935 3046 2014 3090 ΙΠ.,
2037 3053 2072 3083 et
2099 3049 2137 3084 in
2161 3051 2315 3087 retinam

416 3186 466 3227 θ’)
487 3184 651 3217 Zootomie
674 3186 728 3223 §§.
747 3183 893 3215 91-95,
915 3194 986 3227 pag.
1009 3183 1153 3217 55-57,

416 3244 465 3285 ⁸²)
485 3244 660 3322 Nemesmxss
671 3241 843 3274 Emesemcs
862 3242 906 3321 de5
922 3249 1032 3274 natura
1053 3242 1199 3279 hominis,
1218 3253 1264 3284 gr.
1286 3249 1317 3273 et
1335 3243 1388 3273 lat.
1411 3242 1483 3273 edit.
1506 3253 1525 3273 a
1550 3240 1623 3272 Chr.
1642 3240 1701 3273 Fr.
1723 3239 1898 3274 stlatthaei.
1942 3241 2014 3275 Hal.
2039 3244 2128 3275 1802.
2148 3245 2219 3278 8vo.
2248 3258 2314 3291 cap.

581 3310 622 3315 —-
663 3314 671 3322 .
720 3302 769 3321 atr.
794 3291 882 3320 1—1
909 3292 938 3321 O.

561 3292 672 3371 1Fridr.
697 3302 783 3370 2127.
811 3338 954 3379 lVaguer
976 3339 1014 3369 de
1038 3349 1186 3369 sensuum
1207 3339 1384 3370 evolutione
1405 3338 1597 3380 prodromus.
1640 3337 1778 3369 Bel-olini
1802 3338 1891 3369 1526.
1921 3340 1992 3370 Svo.

419 3398 468 3439 ⁶³³)
490 3398 620 3430 Platon:
644 3396 769 3429 Pluzed:
788 3397 808 3428 1.
828 3408 854 3427 e.
883 3406 954 3437 pag.
979 3397 1047 3426 128.
1090 3395 1130 3432 ὡς
1155 3396 1171 3436 ἢ
1192 3395 1242 3436 μὲν
1262 3395 1387 3438 ἁρμονία
1406 3394 1539 3437 ἀόρατόν
1559 3407 1586 3426 τι
1606 3396 1657 3427 καὶ
1677 3395 1838 3436 ἀσώματον
1864 3395 1914 3427 καὶ
1931 3395 2085 3437 πάγκαλόν
2110 3410 2138 3430 τι
2158 3401 2209 3432 καὶ
2230 3401 2314 3433 θεῖόν

563 3446 640 3476 ἐστιν
661 3446 691 3476 ἐν
713 3448 750 3491 τῇ
768 3444 932 3489 ἡρμοσμένῃ
952 3442 1040 3485 λύρᾳ.
1059 3457 1075 3476 κ
1096 3456 1114 3475 τ
1133 3443 1158 3475 λ.

419 3502 467 3544 ⁸⁴)
494 3505 513 3535 Ι.
535 3516 561 3535 c.
590 3514 661 3545 pag.
683 3503 753 3536 459.

418 3562 467 3603 ²³⁵)
497 3561 670 3601 Wurfhaz'n
689 3562 710 3593 l.
731 3574 757 3594 c.
778 3574 849 3605 pag.
870 3562 920 3593 69.

419 3621 467 3661 ⁸⁶)
490 3620 612 3652 Hdbch.
636 3620 664 3650 d.
686 3631 715 3660 p.
737 3620 774 3651 Α.
797 3620 821 3651 Ι.
843 3631 915 3662 pag.
936 3621 1026 3657 395„
1049 3620 1123 3651 ibid.
1147 3630 1237 3651 casus
1259 3628 1308 3651 est
1330 3632 1349 3651 a
1371 3619 1553 3651 Friderl‘cz'o
1576 3626 1748 3650 enarratus.

1843 3684 1919 3719 D2
