2574 4123
1227 356 1291 414 27

245 502 300 531 cst
331 508 353 531 a
384 498 570 544 permultis
599 495 777 542 glandulis
809 497 975 531 mucosis.
1033 495 1095 529 Vir
1123 495 1285 541 egregius
1319 494 1469 529 Zinm'm
1486 494 1568 539 ¹⁴⁶³)
1599 495 1691 530 hanc
1724 496 1913 531 ventriculi
1949 499 2159 544 qualitatem
2189 498 2280 533 bene

243 566 322 610 jam
346 567 528 601 intellexit
549 572 585 600 et
607 566 804 614 descripsit.

390 636 604 670 Incurvatur
628 637 850 671 ventriculus
871 633 1071 681 paululum,
1094 639 1129 668 et
1149 634 1187 667 in
1212 632 1420 668 duodenum
1441 633 1570 667 transit
1590 632 1678 668 Tab.
1704 634 1737 669 11
1758 633 1835 679 Fig.
1861 638 1894 677 8,
1919 634 2001 670 hinc
2025 638 2064 671 fit
2087 643 2127 672 ut
2149 641 2283 674 ventri-

246 704 346 739 culus
371 705 568 740 fusiformis
600 707 645 740 sit
670 706 746 752 Fig.
774 709 793 739 8
827 703 882 749 (d)
907 702 1115 737 duodenum
1138 708 1278 745 autem,
1301 702 1455 737 eandem
1479 702 1659 738 internam
1684 703 1794 738 habet
1821 704 2030 749 qualitatem
2060 705 2136 752 Fig.
2161 710 2193 744 9.
2216 708 2281 754 (d).

244 773 463 808 Duodenum
491 786 514 809 a
542 776 667 810 ceteris
695 780 829 809 tractus
855 772 1068 807 intestinalis
1091 772 1315 818 portionibus
1343 771 1442 806 haud
1467 770 1664 818 discrepat,
1694 774 1910 808 mesenterio
1940 774 2104 809 instructi
2130 775 2218 812 Tab.
2238 777 2283 811 II.

214 859 217 862 >
244 841 320 887 Fig.
343 846 383 885 8,
415 844 453 877 in
474 855 543 890 quo
565 855 656 880 vasa
681 845 849 879 observes
875 841 1112 876 dichotomice
1136 841 1344 875 destributa.
1395 841 1607 886 Priusquam
1637 847 1759 876 autem
1786 843 1824 876 in
1846 842 2006 878 cloacam
2035 846 2174 888 transit,
2195 853 2284 882 atte-

243 917 376 946 nuatur
403 913 603 959 paululum,
625 912 854 957 cartilaginea
880 910 1014 945 annulo
1047 909 1204 956 quodam
1236 909 1324 945 Tab.
1355 909 1399 944 Π.
1428 910 1505 956 Fig.
1540 912 1582 944 10
1614 909 1678 955 (b),
1699 916 1784 945 tunc
1813 911 2063 958 amplificatur,
2097 919 2133 948 et
2164 916 2286 953 cloaca

244 980 432 1024 formatur,
455 982 494 1016 in
518 993 599 1029 qua,
623 981 773 1029 perinde
804 992 846 1016 ac
867 980 906 1014 in
926 979 1127 1015 ventriculo
1149 979 1421 1015 animadvertas
1444 979 1600 1027 speciem
1622 979 1848 1015 fusiformem
1873 979 1960 1016 Tab.
1983 981 2026 1016 H.
2048 982 2124 1029 Fig.
2148 987 2180 1018 8.
2210 984 2286 1031 (kk)

243 1049 320 1095 Fig.
349 1054 404 1092 10,
429 1049 495 1097 ((1).
543 1051 586 1086 In
613 1051 758 1086 cloacae
783 1051 884 1085 initio
908 1048 1102 1095 glandulae
1131 1054 1216 1083 sunt
1237 1050 1440 1096 permultae
1468 1059 1639 1083 mucosae
1667 1050 1883 1085 reticulatim
1913 1051 2004 1086 sitae
2031 1051 2108 1098 Fig.
2141 1056 2195 1096 10,
2222 1052 2285 1100 (c).

243 1119 285 1153 In
310 1121 380 1154 fine
409 1121 484 1154 sere
512 1120 666 1163 cloacae,
692 1131 865 1155 vasorum
890 1118 1129 1153 deferentium
1159 1124 1243 1153 sunt
1268 1120 1403 1153 orificia
1426 1119 1464 1153 in
1495 1118 1692 1153 monticulo
1723 1121 1826 1166 quasi
1861 1121 2103 1166 carfflagineo,
2127 1121 2205 1169 Fig.
2233 1127 2287 1168 10,

244 1186 326 1233 (ee).
349 1209 397 1213 —
420 1209 468 1213 —
493 1187 676 1230 Quantum
699 1190 774 1223 fieri
798 1193 950 1236 poterat,
972 1192 1094 1221 utrum
1124 1187 1338 1222 diverticula
1366 1189 1404 1222 in
1426 1187 1690 1222 Salamandrae
1719 1194 1836 1223 tractu
1860 1190 2057 1225 intestinali
2079 1191 2210 1236 adsint,
2233 1205 2287 1229 se-

243 1256 339 1299 dulo,
364 1257 582 1292 admonente
603 1259 717 1305 perill.
736 1258 815 1293 viro
841 1256 988 1291 Meet-el
1006 1256 1099 1300 ¹49),
1119 1256 1347 1301 investigavi,
1369 1257 1433 1291 scd
1448 1257 1548 1291 nulla
1570 1257 1703 1292 inveni.
1755 1256 1856 1299 Quae
1879 1270 1990 1305 quum
2008 1260 2045 1294 in
2067 1263 2188 1297 vesica
2210 1274 2289 1298 um-

245 1326 376 1361 bilicali
401 1328 473 1361 sint
496 1328 624 1374 posita,
650 1327 695 1362 de
716 1327 783 1361 hac
799 1338 894 1360 nunc
917 1326 1030 1360 obiter
1055 1331 1108 1360 est
1124 1323 1376 1371 agendmm-
1400 1325 1502 1360 Idem
1525 1331 1649 1360 auctor
1670 1331 1792 1360 autem
1817 1327 1986 1362 intimum
2006 1329 2100 1363 inter
2113 1331 2289 1376 vitellum,

243 1396 402 1431 vesicam
428 1397 681 1439 umbilicalem,
704 1402 740 1430 et
765 1401 918 1430 tractum
943 1395 1197 1437 intestinalem,
1214 1406 1283 1440 quo
1306 1394 1534 1428 immaturior
1556 1394 1673 1429 foetus
1696 1396 1752 1438 sit,
1772 1402 1938 1431 accurate
1960 1402 1996 1431 et
2017 1398 2201 1444 ingeniose
2223 1412 2289 1437 ex-

243 1466 363 1512 posuit
387 1477 595 1500 connexum
613 1464 705 1510 1⁵0).
758 1465 889 1500 Censet
911 1469 1031 1499 autem
1054 1465 1112 1499 vir
1138 1464 1252 1510 perill.
1276 1463 1430 1505 Meckel,
1459 1468 1613 1498 tractum
1639 1464 1883 1499 intestinalem
1908 1470 1943 1499 et
1966 1467 2126 1504 vesicam
2149 1470 2290 1506 umbili-

243 1536 369 1576 calmn,
383 1536 510 1580 primo,
526 1547 639 1570 unum
666 1535 835 1581 idemque
859 1545 937 1569 esse
961 1544 1123 1579 organon
1142 1534 1180 1555 1⁵
1190 1532 1223 1577 1)
1245 1533 1283 1567 111
1298 1544 1367 1579 quo
1383 1544 1465 1567 cum
1482 1533 1607 1568 avium
1622 1534 1758 1575 vitellt),
1772 1534 2017 1578 similitudine,
2032 1542 2072 1570 ut
2094 1538 2212 1584 primo
2234 1551 2290 1575 ar-

243 1609 413 1649 gumento
436 1609 489 1639 est
513 1616 609 1639 usus.
660 1603 732 1638 Sed
757 1609 796 1637 ut
821 1603 866 1637 de
889 1603 944 1638 his
969 1608 1121 1644 taceam,
1145 1603 1183 1636 in
1207 1602 1463 1636 mammalibus
1485 1603 1645 1637 vesicam
1670 1603 1913 1637 umbilicalem
1934 1605 2175 1649 constrictam,
2198 1608 2292 1644 inter

244 1673 390 1707 chorion
420 1679 455 1707 et
482 1674 630 1708 amnion
664 1673 898 1714 summoveri,
922 1673 960 1706 in
991 1671 1176 1717 reptilibus
1204 1677 1326 1705 autem
1353 1676 1388 1704 et
1410 1671 1538 1705 avibus
1567 1671 1606 1706 in
1638 1671 1819 1706 abdomen
1848 1671 1970 1706 induci
1988 1674 2027 1694 1⁵
2035 1671 2070 1718 ²)
2096 1676 2208 1721 perill.
2234 1679 2292 1713 vir

243 1742 391 1776 Elec-hel
417 1743 596 1789 exposuit.
646 1741 842 1776 Rarissime
871 1746 992 1775 autem
1017 1740 1164 1784 contigit
1187 1740 1225 1773 in
1248 1739 1454 1774 hominibus
1483 1745 1522 1773 ut
1546 1740 1584 1774 in
1610 1740 1790 1775 abdomen
1814 1740 1937 1776 vesica
1959 1741 2171 1779 umbilicalis
2192 1757 2289 1782 sum-

244 1817 445 1852 moveatur,
468 1811 564 1844 unde
587 1821 710 1844 casum
732 1809 923 1856 perdoctus
945 1810 1002 1844 vir
1026 1808 1196 1855 Peym'llce
1221 1807 1480 1842 animadvertit
1501 1808 1593 1852 1⁵3).

392 1878 621 1914 Contrarium
643 1884 765 1913 autem
789 1889 900 1924 quum
925 1879 987 1912 fiat
1011 1879 1048 1912 in
1070 1878 1198 1913 avibus
1230 1882 1265 1911 et
1288 1877 1486 1921 reptilibus,
1512 1877 1550 1912 in
1575 1878 1702 1924 quibus
1726 1888 1869 1923 semper
1889 1878 1927 1913 111
1951 1878 2131 1916 abdomen
2155 1883 2293 1920 induci-

246 1958 303 1986 tur
327 1951 449 1987 vesica
473 1949 698 1991 umbilicalis,
729 1947 916 1983 evidenter
939 1947 1024 1981 inde
1049 1954 1211 1991 apparet,
1240 1947 1356 1981 rarius
1378 1947 1631 1981 tantiunmodo
1660 1949 1697 1982 in
1729 1948 1795 1991 his,
1830 1959 1938 1995 quam
1962 1950 2002 1983 in
2027 1953 2293 1998 mammalibus‚

246 2020 460 2056 diverticula
492 2020 530 2052 in
562 2023 794 2065 conspectum
822 2017 967 2059 venire3
993 2009 1134 2050 nullum
1165 2016 1264 2050 aliud
1296 2015 1444 2060 hujusce
1478 2017 1624 2062 inopiae
1657 2017 1821 2051 invenire
1850 2029 1998 2064 possum
2028 2028 2291 2065 argumentum.

244 2091 308 2125 Vir
336 2089 450 2135 perill.
475 2085 623 2121 ZlIeckel
643 2086 867 2131 ingeniosam
897 2085 1051 2119 instituit
1075 2085 1383 2131 comparationem
1406 2084 1499 2118 inter
1528 2085 1683 2120 similem
1709 2086 1953 2122 evolutionem
1976 2093 2013 2122 et
2038 2089 2293 2128 formationem

246 2164 381 2193 tractus
409 2156 624 2191 intestinalis
647 2161 683 2189 et
703 2155 848 2191 vesicae
874 2155 1054 2189 urinariae
1072 2153 1153 2198 ¹⁵⁴)
1181 2165 1289 2200 quam
1313 2165 1608 2197 commemorare,
1624 2155 1722 2190 haud
1735 2156 2005 2192 incommodum
2027 2164 2062 2192 et
2079 2170 2295 2206 supervaca-

244 2240 353 2263 neum
378 2226 532 2268 videtur,
555 2231 731 2273 quatenus
755 2225 848 2259 inter
865 2223 1127 2259 Salamandrae
1152 2229 1282 2266 cutem,
1303 2228 1457 2257 tractum
1478 2224 1732 2267 intestinalem,
1754 2226 1913 2261 vesicam
1937 2227 1987 2262 sic
2011 2226 2144 2263 dictam
2174 2230 2293 2266 urina-

246 2299 350 2339 rium,
382 2296 557 2331 directum
580 2305 720 2330 nexum
742 2295 856 2337 illum,
878 2305 985 2341 quem
1009 2294 1258 2341 exposuimus,
1282 2294 1522 2328 inveniamus.
1547 2313 1595 2319 —

1197 2452 1228 2499 ξ.
1280 2455 1336 2487 43.

390 2563 479 2596 Lien
505 2563 544 2596 111
568 2561 758 2597 ventriculi
780 2561 892 2593 latere
920 2558 1064 2592 sinistro
1092 2558 1181 2591 situs
1213 2556 1300 2591 Tab.
1327 2556 1369 2590 Π.
1399 2557 1430 2591 F
1432 2558 1476 2602 ig.
1503 2561 1542 2599 8,
1573 2556 1625 2603 (e)
1653 2558 1805 2604 figuram
1829 2561 2209 2609 oblongo-ellipticam
2233 2565 2295 2600 ha-

246 2634 316 2673 bet,
344 2633 432 2666 fines
463 2630 626 2671 obtusos;
649 2629 821 2675 superior,
852 2628 1037 2661 sinistrum
1064 2627 1276 2672 pulmonem
1298 2626 1423 2670 tangit,
1452 2626 1601 2659 inferior
1629 2628 1832 2662 testiculum
1863 2629 2071 2665 inferiorem
2099 2632 2296 2677 sinistrum,

246 2700 443 2735 rubicundo
469 2700 597 2740 colore,
620 2697 768 2732 vasibus
799 2700 852 2729 est
876 2695 1056 2741 impletus.
1107 2693 1189 2728 Non
1216 2705 1365 2740 possum
1391 2694 1477 2740 quin
1507 2694 1552 2728 de
1584 2695 1686 2731 lienis
1711 2702 1850 2731 taceam
1878 2697 2060 2733 functione
2090 2705 2164 2736 tam
2189 2702 2297 2738 dubia

248 2770 376 2811 adhuc,
405 2768 451 2802 de
478 2778 549 2813 qua
569 2767 683 2800 altera
705 2775 963 2811 saepenumero
986 2761 1103 2797 attera
1128 2768 1182 2797 est
1206 2763 1360 2809 ineptior
1391 2763 1521 2809 opinio.
1570 2764 1740 2807 Nonnuli‚
1774 2768 1935 2814 exempli
1960 2779 2080 2811 causa,
2111 2769 2295 2815 dixerunt,

249 2838 482 2874 aestheticum
511 2847 594 2869 eum
625 2834 758 2868 habere
786 2835 906 2867 finem.
935 2838 999 2866 etc.
1057 2831 1129 2866 Sed
1160 2832 1274 2866 multo
1303 2832 1431 2866 melior
1464 2833 1545 2875 illa,
1578 2845 1686 2880 quam
1711 2835 1917 2880 ingeniosus
1948 2836 2057 2872 Lund
2075 2838 2156 2882 1⁵⁵)
2191 2841 2293 2876 nobis

249 2908 348 2942 dedit
377 2906 466 2941 mihi
486 2906 604 2952 placet
627 2904 759 2950 opinio,
782 2903 881 2948 cujus
908 2907 1120 2947 argumenta
1141 2901 1229 2936 haec
1252 2907 1337 2935 sunt
1357 2902 1560 2948 praecipua.

392 2975 485 3008 Eam
506 2974 679 3007 nimirum
704 2972 749 3007 ob
776 2983 957 3014 caussam,
984 2977 1023 3004 ut
1047 2971 1191 3017 primo
1216 2971 1253 3004 in
1278 2970 1495 3005 animalibus
1521 2970 1735 3006 vertebratis
1758 2972 1830 3006 lien
1853 2970 1964 3015 adsit;
1988 2975 2155 3010 secund
2166 2988 2204 3019 o,
2233 2989 2295 3013 au-

249 3044 385 3079 toribus
410 3041 571 3088 Ruysch,
594 3041 803 3086 IlIascagm‘,
828 3039 1064 3083 Crtce‘ksleanlt,
1094 3040 1262 3083 Hewson,
1285 3039 1416 3082 Home,
1448 3039 1681 3084 Tae'edemamz,
1706 3039 1911 3084 Folmzmm,
1939 3042 2092 3086 Gmelz'a,
2116 3047 2295 3090 permulta

402 3165 470 3207 ¹⁴⁸)
490 3165 510 3196 l.
526 3177 552 3196 c.
573 3175 645 3206 pag.
666 3165 755 3195 1201.

402 3225 410 3241 ¹
423 3225 471 3264 ⁴⁹)
491 3223 615 3254 Hdbch.
636 3223 664 3253 d.
686 3235 715 3264 p.
738 3223 777 3254 A.
797 3222 821 3253 I.
840 3233 911 3265 pag.
933 3224 1003 3257 573.
1047 3222 1151 3260 ..Seltr
1172 3222 1300 3263 wz'chtz’g
1320 3225 1405 3252 uviire
1431 3221 1508 3253 noch
1529 3223 1586 3253 das
1615 3222 1811 3254 Vorkommen
1832 3224 1891 3255 der
1911 3224 2093 3257 Dz'vertz'kel
2110 3237 2158 3258 am
2179 3227 2296 3259 Darm-

547 3272 666 3310 „kanal
685 3271 743 3302 der
764 3270 929 3311 Repte'lc'en
952 3272 1016 3303 med
1034 3271 1161 3308 Fische,
1185 3271 1329 3302 worilber
1349 3272 1411 3302 alle
1433 3270 1700 3313 Beobuchluugen
1710 3271 1861 3309 „semem”

403 3330 471 3371 ¹⁶⁰)
491 3330 642 3362 stlechel‘s
660 3329 777 3360 Archiv
798 3328 852 3367 III,
875 3330 902 3360 1.
923 3340 985 3372 pag
1008 3328 1132 3360 1—84.
1156 3331 1184 3359 2.
1206 3340 1277 3371 pag.
1298 3330 1347 3358 21.

403 3387 411 3403 ¹
425 3388 471 3428 ⁵¹)
492 3389 566 3419 idid.
593 3399 665 3431 pag.
690 3388 738 3418 16.

407 3445 473 3485 ¹⁵²)
495 3446 617 3478 Hdbch.
638 3447 667 3478 d.
687 3457 717 3487 p.
741 3446 779 3477 A.
798 3445 821 3476 Ι.
846 3457 917 3487 pag.
943 3447 1010 3476 582.

407 3503 475 3544 ¹⁵³)
496 3504 570 3534 ibid.
590 3503 614 3534 I.
634 3516 704 3547 pag.
726 3505 795 3535 591.

409 3561 474 3601 ¹⁵⁴)
497 3562 571 3592 ibid.
591 3561 615 3591 Ι.
636 3573 707 3603 pag.
726 3562 796 3596 754.

409 3620 476 3659 ¹⁵⁵)
498 3620 517 3650 l.
541 3631 567 3650 c.
590 3630 660 3660 pag.
680 3620 825 3652 78-83.

1845 3670 1874 3703 G
1894 3673 1913 3702 2
