2574 4123
1261 371 1586 422 lim

414 506 503 540 Mihi
525 506 695 541 videntur
716 507 870 541 musculi
897 506 1034 542 laudati
1063 506 1327 542 manducatorii
1352 519 1450 550 esse,
1484 508 1547 542 sed
1578 509 1628 543 ita
1658 514 1742 543 sunt
1772 510 1915 552 inserti,
1952 517 1990 545 ut
2023 511 2070 546 ad
2100 511 2321 558 captandum

266 575 339 610 sint
363 577 438 623 apti
461 576 724 619 tantummodo,
748 577 843 623 quod
866 576 1023 621 perbene
1039 573 1224 612 observari
1246 583 1376 623 potest,
1397 578 1435 611 111
1458 576 1700 613 Salamandra
1721 579 1853 626 aliqua,
1877 580 2106 616 electricitate
2123 581 2260 616 affecta.
2276 600 2323 606 -—

412 645 478 680 His
508 647 680 681 musculis
713 646 899 693 descriptis
929 652 964 679 et
988 647 1129 691 rejectis
1161 647 1238 692 Fig.
1265 650 1318 682 13.
1347 648 1385 681 111
1407 646 1588 694 profundo
1620 648 1760 683 nuchae
1785 649 2002 695 conspicitur
2035 651 2219 686 musculus
2243 663 2323 697 par-

268 726 336 751 vus
359 715 587 760 triangularis
609 715 753 751 validus
774 716 833 762 qui
855 716 901 749 ab
927 716 1075 763 occipite
1101 716 1148 751 ad
1172 728 1380 763 processum
1406 717 1593 764 spinosum
1622 718 1744 762 prodit
1762 718 1955 753 'vertebrae
1977 720 2117 763 primae
2142 725 2178 754 et
2200 731 2325 756 3661111-

269 784 338 819 1136
360 784 437 829 Fig.
463 787 517 819 13.
538 784 601 828 (n)
625 785 976 820 trachelomastoidei
1002 786 1284 831 antagonisticus
1310 797 1389 822 esse
1411 785 1566 829 videtur,
1589 788 1836 832 'occipitalem,
1863 789 2058 832 appellavi.

1230 946 1261 994 ξ.
1316 951 1369 983 14.

420 1054 452 1089 A
475 1054 555 1089 sinu
579 1053 750 1097 scapulae
772 1055 957 1098 superiore
979 1055 1177 1099 posteriore
1199 1054 1230 1088 F
1232 1054 1276 1099 ig.
1304 1058 1379 1097 20.‚
1410 1054 1531 1100 prodit
1559 1057 1743 1091 musculus
1770 1056 1908 1102 longus,
1935 1055 2079 1091 validus
2110 1055 2158 1091 ad
2186 1065 2328 1100 proces-

271 1134 351 1159 sum
373 1122 615 1157 mastoideum
639 1122 717 1167 Fig.
745 1126 798 1158 11.
823 1123 882 1165 ΙιΙι,
904 1124 981 1169 Fig.
1009 1127 1062 1158 13.
1087 1124 1122 1166 le,
1145 1124 1474 1159 omomastoideum
1499 1124 1589 1159 dixi.
1640 1124 1696 1160 Ab
1726 1126 1858 1171 angulo
1884 1125 2068 1169 superiore
2090 1126 2272 1170 scapulae,
2296 1131 2331 1159 et

272 1192 418 1238 quidem
437 1203 459 1226 a
481 1192 593 1225 latere
618 1192 907 1234 interno,oritur
929 1194 1113 1228 musculus
1139 1193 1351 1238 digastricus
1376 1194 1413 1227 in
1439 1205 1551 1228 11113111
1577 1195 1758 1229 confluens
1782 1193 1986 1236 tendinem,
2017 1200 2053 1228 et
2083 1195 2253 1230 inseritur
2275 1206 2331 1229 os-

222 1273 225 1276 ’
271 1262 321 1296 313
345 1261 512 1307 quadrati
536 1261 720 1305 processui
742 1262 985 1305 postorbitali‚
1014 1263 1156 1299 levator
1179 1263 1301 1307 anguli
1326 1263 1464 1306 scapuli
1497 1263 1587 1297 1111111
1615 1275 1694 1298 esse
1725 1263 1870 1299 videtur
1901 1263 1932 1298 F
1934 1264 1978 1309 ig.
2006 1266 2061 1298 13.
2084 1263 2148 1309 (o).
2197 1263 2334 1299 Insidet

272 1331 491 1376 cartilaginis
517 1331 716 1375 scapularis
739 1332 940 1376 superficiei
962 1333 1158 1374 musculus,
1182 1331 1212 1366 F
1214 1333 1259 1377 ig.
1287 1334 1341 1367 11.
1367 1331 1423 1373 kk,
1448 1331 1478 1365 F
1480 1332 1525 1377 ig.
1552 1335 1605 1366 13.
1631 1332 1692 1376 kk,
1724 1333 1864 1367 humeri
1891 1333 2008 1367 lineae
2036 1342 2188 1377 asperae
2221 1333 2334 1368 inser-

273 1406 343 1443 tus,
366 1412 473 1446 quem
496 1401 723 1445 scapularem
745 1402 944 1440 nominavi.
1005 1402 1050 1437 Ei
1080 1402 1280 1437 contrarius
1302 1401 1340 1434 in
1365 1401 1535 1435 inferiore
1561 1403 1732 1446 scapulae
1759 1403 1872 1437 latere
1898 1407 1953 1437 est
1976 1401 2253 1446 subscapularis.
2286 1422 2335 1427 -—-

272 1471 445 1506 Levatori
470 1470 592 1516 anguli
617 1471 799 1514 scapulae,
825 1473 925 1517 cujus
951 1479 1059 1506 antea
1083 1471 1306 1506 mentionem
1330 1470 1492 1513 fecimus,
1514 1472 1726 1515 contrarius,
1752 1471 1943 1517 depressor
1974 1477 2029 1506 est
2059 1472 2182 1517 anguli
2207 1480 2333 1516 scapu-

273 1540 332 1574 lae
356 1540 545 1581 inserioris,
572 1539 784 1584 digastricus
810 1542 983 1576 similiter.
1033 1541 1064 1575 F
1066 1542 1110 1586 ig.
1137 1543 1190 1575 11.
1217 1538 1338 1585 (mm).
1658 1522 1661 1527 Δ

421 1608 463 1643 111
488 1608 639 1642 humero
665 1609 790 1644 videre
811 1611 893 1644 licet
914 1611 1134 1655 pectoralem
1157 1610 1336 1655 majorem
1360 1609 1392 1644 F
1393 1610 1437 1655 ig.
1462 1612 1516 1644 12.
1543 1610 1594 1652 ii,
1620 1611 1659 1644 in
1683 1615 1755 1645 tres
1781 1609 1941 1645 divisum
1963 1610 2158 1654 portiones,
2183 1619 2335 1655 quarum

275 1679 498 1723 superiorem
524 1689 606 1712 cum
632 1677 825 1720 deltoideo,
849 1680 1008 1715 mediam
1029 1691 1109 1714 611111
1138 1679 1312 1723 pectorali
1336 1679 1486 1724 majore,
1512 1680 1720 1714 inferiorem
1755 1691 1837 1714 611111
1871 1679 2044 1724 pectorali
2075 1679 2215 1713 minore
2239 1689 2336 1712 com-

276 1756 406 1791 parare
442 1748 568 1792 possis.
621 1770 667 1774 —

422 1817 463 1850 111
496 1817 646 1851 humero
680 1817 882 1852 discernere
906 1819 999 1860 licet,
1024 1819 1227 1853 musculum
1262 1828 1487 1852 anconaeum
1519 1818 1701 1851 internum
1739 1817 1816 1863 Fig.
1841 1820 1898 1857 Ι12.
1930 1814 2034 1861 (mm)
2074 1822 2111 1850 et
2141 1821 2336 1850 externum

277 1886 355 1931 Fig.
384 1889 439 1919 12.
466 1885 542 1930 (kk)
565 1886 641 1931 Fig.
673 1890 725 1921 11.
749 1886 843 1920 hunc
860 1899 928 1934 pp,
953 1887 1056 1920 illum
1080 1900 1124 1934 qq
1149 1887 1359 1932 significavi.
1408 1886 1506 1921 Inter
1532 1891 1725 1932 utrumque
1750 1887 1788 1920 in
1812 1886 1926 1920 latere
1951 1885 2130 1920 anteriore
2161 1894 2227 1928 pro
2253 1884 2337 1918 bici-

277 1956 363 2002 pite,
384 1954 529 1990 validus
552 1956 640 1990 situs
666 1962 721 1990 est
742 1957 937 1998 musculus,
962 1956 1039 2001 Fig.
1066 1959 1119 1990 12.
1146 1955 1204 2001 (lc)
1229 1967 1336 2002 quem
1362 1955 1582 1990 brachialem
1606 1955 1769 1990 medium
1795 1955 1991 2001 appellavi.

427 2024 470 2059 In
494 2025 708 2059 antibrachii
732 2026 845 2059 latere
866 2026 995 2068 volari,
1019 2026 1135 2059 flexor
1158 2031 1212 2059 est
1234 2024 1429 2069 digitorum
1451 2024 1654 2058 communis
1676 2023 1707 2057 F
1710 2024 1754 2068 ig.
1780 2026 1833 2057 12.
1858 2021 1912 2071 (p,
1936 2022 1983 2071 q),
2007 2024 2045 2057 in
2067 2023 2179 2057 latere
2204 2021 2337 2056 dextro

278 2094 455 2135 reflexus,
493 2099 529 2127 et
566 2092 711 2139 quidem
750 2093 931 2137 sublimis3
972 2099 1011 2129 at
1044 2093 1245 2141 profundus
1284 2093 1360 2138 Fig.
1388 2096 1441 2126 12.
1474 2091 1542 2140 (p)
1581 2093 1618 2127 111
1658 2093 1769 2127 latere
1801 2092 1949 2137 dextr05
1986 2091 2134 2127 radialis
2175 2093 2337 2126 internus

280 2163 357 2209 Fig.
385 2166 438 2197 12.
464 2160 539 2207 (oo)
565 2169 601 2197 et
624 2168 797 2210 pronator
820 2163 918 2210 carpi
945 2162 1093 2198 radialis
1116 2163 1146 2197 F
1150 2164 1192 2209 ig.
1221 2166 1275 2197 12.
1301 2162 1381 2208 (nn)

428 2233 525 2267 Inter
551 2232 680 2278 digitos
706 2232 899 2268 observavi
924 2232 1153 2268 lumbricales
1174 2238 1210 2267 et
1230 2233 1459 2267 intel-osseos.

428 2302 471 2336 In
495 2302 608 2336 latere
631 2302 844 2337 antibrachii
864 2302 1000 2337 dorsali
1025 2308 1198 2337 extensor
1222 2308 1277 2338 est
1301 2301 1496 2347 digitorum
1521 2302 1724 2336 communis
1748 2302 1826 2347 Fig.
1852 2304 1906 2336 11.
1932 2300 2006 2347 (rr)
2040 2306 2076 2335 et
2107 2301 2243 2335 ulnaris
2273 2310 2339 2334 ex-

281 2377 404 2405 ternus
429 2372 507 2416 Fig.
530 2374 583 2406 11.
606 2370 681 2417 (ss).
737 2372 866 2406 Fibras
891 2372 1113 2406 musculares
1137 2370 1265 2404 adesse
1289 2370 1539 2411 adduam-ias,
1562 2370 1790 2404 abductorias
1814 2375 1879 2403 etc.
1914 2375 2051 2404 certum
2077 2374 2143 2411 est,
2166 2368 2231 2403 sed
2253 2369 2340 2403 satis

282 2446 450 2476 acclu·ate
477 2439 697 2485 distinguere
720 2451 795 2473 non
818 2440 930 2486 potui,
955 2451 1066 2485 quare
1090 2439 1295 2474 musculum
1324 2450 1390 2485 pro
1417 2439 1487 2473 alio
1522 2450 1651 2474 censeo
1683 2439 1872 2473 vicarium.
1912 2459 1959 2463 -—
1995 2437 2164 2473 Ceterum
2201 2443 2341 2472 motum

284 2521 364 2545 esse
388 2519 518 2544 manus
540 2514 575 2543 et
596 2508 826 2544 brachiorum
848 2508 994 2544 tardum
1020 2515 1055 2542 et
1079 2520 1240 2552 gravem,
1262 2509 1300 2541 in
1324 2506 1449 2542 vivido
1472 2507 1667 2542 observare
1691 2507 1807 2553 possis
1831 2507 2061 2542 animalculo.
2086 2527 2134 2531 —-

1243 2685 1274 2732 ξ.
1330 2688 1382 2721 15.

434 2793 516 2828 Ossi
534 2792 742 2840 ileo-pubis
763 2792 937 2827 incmnbit
958 2792 1141 2826 musculus
1164 2791 1309 2827 validus
1333 2792 1408 2826 fere
1431 2791 1629 2838 quadratus
1656 2791 1757 2836 cujus
1785 2790 1895 2824 tendo
1927 2790 2098 2832 inseritur
2126 2790 2274 2825 femoris
2304 2791 2344 2825 li-

288 2875 379 2898 11636
406 2875 557 2910 asperae
579 2862 666 2897 Tab.
689 2863 715 2897 1.
739 2862 816 2908 Fig.
840 2866 872 2896 3.
904 2875 936 2908 q,
962 2861 1179 2908 quadratinn
1201 2862 1318 2907 pelvis
1343 2866 1538 2894 externum
1564 2860 1810 2906 denominavi.
1835 2879 1883 2883 -
1906 2859 1949 2893 In
1974 2860 2086 2893 latere
2110 2859 2257 2893 femoris
2282 2870 2345 2894 an-
2391 2899 2396 2901 .

288 2934 419 2967 teriore
445 2926 562 2967 rectus
586 2939 640 2967 est
666 2932 850 2967 musculus
879 2931 956 2977 Fig.
986 2934 1040 2965 12.
1063 2926 1122 2977 (ε’)
1158 2942 1264 2977 quem
1291 2931 1464 2976 rejectum
1495 2930 1658 2976 depinxi.
1714 2929 1759 2962 Ei
1789 2927 1994 2963 subcumbit
2026 2929 2211 2962 musculus
2241 2929 2347 2973 longe

290 3001 462 3044 validior,
486 3002 669 3037 interdum
694 3002 732 3036 in
757 3007 829 3037 tres
856 3001 994 3037 divisus
1018 3001 1200 3047 portiones
1222 3000 1298 3045 Fig.
1326 3002 1380 3035 12.
1406 2998 1493 3033 Tab.
1515 2999 1558 3033 ΙΙ.
1582 2999 1613 3041 e',
1639 3008 1808 3032 cruraeus
1834 2997 1973 3032 anticus
1994 2996 2177 3030 nimirum.
2228 2997 2270 3031 In
2294 2997 2346 3031 la-

290 3077 366 3106 tere
389 3071 541 3105 musculi
565 3071 652 3105 recti
676 3077 840 3114 externo,
865 3070 1049 3105 musculus
1072 3075 1126 3104 est
1151 3069 1314 3115 ejusdem
1337 3068 1508 3103 decursus
1532 3074 1567 3102 et
1595 3068 1729 3113 figurae
1752 3067 1829 3112 Fig.
1859 3070 1913 3101 12.
1939 3061 2028 3112 (b'b‘)
2059 3071 2165 3101 vasto
2191 3071 2345 3100 externo

291 3140 496 3188 respondet,
520 3152 630 3187 quum
654 3141 815 3176 internus
840 3146 962 3175 autem
983 3152 1057 3175 non
1080 3138 1185 3182 adsit,
1219 3145 1365 3175 vastum
1388 3138 1571 3185 appellavi
1605 3136 1871 3179 tantummodo,
1904 3136 1981 3170 sine
2007 3135 2080 3169 ullo
2106 3134 2274 3181 epitheto.

436 3210 478 3245 In
500 3211 611 3245 latere
636 3210 782 3245 femoris
806 3209 950 3253 dorsali,
975 3211 1111 3252 inveni,
1137 3210 1340 3244 musculum
1365 3213 1502 3243 rectum
1525 3207 1702 3250 validum,
1725 3219 1790 3254 pro
1815 3206 1970 3253 bicipite,
1992 3216 2099 3251 quem
2117 3215 2265 3239 cruraeo
2284 3215 2347 3239 au-

294 3280 364 3314 tico
390 3281 690 3326 antagonisticum
714 3278 832 3321 crede,
857 3285 892 3313 et
915 3292 1102 3314 cruraeum
1127 3279 1305 3326 posticum
1328 3277 1563 3313 denominavi
1586 3276 1663 3322 Fig.
1691 3280 1744 3310 11.
1768 3275 1840 3321 (tt).
1890 3273 2033 3310 Deinde
2057 3274 2217 3319 sequitur
2241 3275 2347 3308 semi-

294 3349 568 3385 membranosus
592 3349 669 3395 Fig.
698 3352 752 3383 11.
778 3346 858 3394 (uu)
884 3355 919 3383 et
943 3349 1245 3384 semitendinosus
1271 3347 1354 3394 (rr).
1404 3347 1509 3382 Hanc
1539 3346 1872 3380 denominationem
1901 3343 2074 3378 musculis
2100 3342 2249 3377 minime
2274 3354 2348 3377 res-

297 3418 466 3466 pondere,
489 3430 598 3465 quum
622 3430 768 3466 prorsus
791 3419 901 3454 aliam
926 3417 1083 3453 habeant
1107 3410 1279 3464 figuram,
1309 3417 1480 3465 perfacile
1510 3416 1708 3461 intelligas,
1740 3413 1805 3450 sed
1830 3415 1918 3449 situs
1949 3418 1985 3447 et
2009 3417 2118 3459 typus
2141 3412 2348 3457 analogicus

296 3489 347 3524 sic
372 3499 433 3523 eos
463 3488 691 3523 constituimt.

447 3557 598 3593 Crurem
629 3568 711 3592 cum
734 3558 842 3605 pede,
871 3558 1049 3603 majorem
1081 3569 1163 3591 cum
1187 3556 1370 3603 superiore
1398 3555 1630 3589 extremitate
1660 3552 1793 3588 habere
1826 3550 2110 3593 similitudinem,
2144 3559 2252 3595 supra
2269 3548 2349 3593 jam

299 3626 556 3663 adnotavimus
589 3624 718 3672 §.11.‚
752 3627 815 3662 3611
839 3627 962 3673 hujus,
991 3632 1187 3674 antequam
1220 3625 1382 3661 describo
1403 3624 1604 3666 musculos,
1637 3622 1841 3658 musculum
1873 3621 2066 3667 tricipitem
2096 3617 2144 3654 ad
2174 3617 2351 3652 seniorem

1880 3689 1908 3725 C
1934 3692 1955 3724 2
