2574 4123
1003 379 1197 392 m
1265 352 1294 405 7

252 490 461 532 videbatur,
494 491 667 525 sceletum
691 494 857 523 accurate
883 490 919 523 in
942 489 1089 533 singulis
1114 487 1276 535 partibus
1299 489 1372 523 suis
1398 487 1626 530 distinctum,
1655 488 1783 523 iterum
1809 488 2006 533 delineare3
2040 489 2135 538 quod
2161 491 2307 537 quidem

253 560 416 596 conferas
438 561 476 594 in
503 559 590 594 Tab.
612 558 638 592 Ι.
662 557 693 592 F
695 558 738 603 ig.
765 560 797 592 4.

1228 661 1259 709 ξ.
1294 664 1325 698 6.

405 772 522 806 Carus
538 771 596 816 ⁶0)
627 770 718 806 duas
751 776 786 804 et
814 769 1120 816 quad1·aginta.in
1144 767 1387 803 Salamandra
1416 769 1576 802 terrestri
1598 769 1806 804 numeravit
1827 770 2033 813 vertebras,
2070 771 2219 806 totidem
2244 782 2311 807 nos

257 839 421 886 quidem,
456 840 520 875 sed
550 840 718 875 abhorret
743 845 867 874 nostra
897 838 1093 876 dividendi
1114 839 1217 873 ratio.
1272 839 1389 873 Carus
1424 837 1596 872 nimirum
1620 837 1778 873 dorfales
1804 839 2086 885 quatuordecim,
2118 852 2312 887 coccygeas

256 914 395 955 septem
418 915 453 944 et
474 910 614 955 viginti,
634 914 820 956 computat
840 909 1038 951 vertebras,
1064 909 1240 944 saeralem
1263 913 1385 942 autem
1408 907 1563 941 unicam.
1587 926 1635 931 —
1685 907 1866 943 Confiteor
1889 914 2022 951 autem,
2052 909 2160 944 celeb.
2190 911 2313 946 Te'ede-

257 979 395 1021 manm',
420 979 526 1025 longe
548 980 735 1014 meliorem
761 978 849 1013 mihi
867 979 1010 1025 plaeere
1036 977 1274 1013 distribuendi
1299 976 1529 1020 methodium
1555 988 1663 1023 quam
1686 977 1724 1011 in
1747 978 1984 1012 Dracoemculi
2001 980 2186 1014 anatomia
2210 980 2315 1015 exhi-

256 1047 374 1090 b11it‚⁵
382 1047 416 1093 1)
441 1054 647 1083 nummerat
672 1049 768 1082 enim
791 1049 884 1091 colli,
908 1048 1075 1091 thoracis,
1100 1047 1208 1091 dorsi,
1230 1047 1447 1089 lumborum,
1473 1045 1612 1080 caudae
1637 1046 1835 1090 vertebras,
1857 1047 2024 1094 equidem
2049 1048 2147 1083 idem
2172 1049 2315 1092 faciam,

257 1117 307 1150 sic
324 1118 405 1151 colli
420 1123 457 1151 et
473 1118 564 1152 ossis
578 1118 670 1152 sacri
687 1117 893 1152 vertebram
910 1129 1033 1161 unam,
1056 1117 1212 1152 thoracis
1234 1122 1317 1160 tres,
1342 1117 1439 1151 dorsi
1455 1127 1602 1159 novem,
1626 1115 1833 1151 lumborum
1851 1116 1954 1160 duas,
1971 1123 2007 1151 et
2022 1117 2160 1152 caudae
2178 1124 2316 1165 septem

257 1192 293 1219 et
313 1186 440 1231 viginti
464 1197 684 1221 connumera
708 1187 905 1223 vertebras.

558 1280 744 1312 Schrezhers
766 1288 873 1312 notatu
896 1282 1022 1322 dignam
1044 1281 1218 1312 sanesecit
1240 1280 1656 1318 ani111adversionem‚'hanc
1677 1281 1837 1317 nimirum,
1864 1288 1898 1311 ut
1916 1281 2138 1312 Salamandrae
2158 1284 2190 1312 in
2211 1283 2320 1323 argilla

406 1335 534 1366 humida
551 1347 608 1377 per
630 1344 729 1366 annos
750 1343 965 1373 conservatae,
994 1335 1033 1366 ob
1057 1342 1237 1377 perpetuam
1258 1341 1289 1365 et
1308 1335 1460 1375 majorem
1486 1336 1624 1375 corporis
1644 1336 1862 1365 extensionem
1889 1336 1921 1364 in
1943 1336 2097 1376 rependo,
2124 1347 2235 1377 corpus
2254 1337 2322 1367 lon-

407 1392 479 1431 gius
498 1391 661 1432 accipiant,
672 1390 885 1421 vertebrarum
907 1401 1036 1421 numero
1056 1397 1158 1420 aucto.
1198 1389 1288 1421 Misit
1305 1390 1353 1419 vir
1374 1388 1471 1419 celeb.
1493 1389 1556 1427 ille,
1575 1389 1756 1420 academiae
1770 1391 1951 1419 monacensi
1962 1389 2089 1426 sceleta,
2106 1401 2235 1432 quorum
2253 1401 2322 1420 ver-

408 1444 515 1474 tebrae
537 1455 556 1475 a
577 1443 696 1475 duabus
716 1452 747 1475 et
769 1446 973 1487 quadraginta
995 1445 1034 1475 ad
1058 1455 1116 1475 sex
1146 1451 1176 1474 et
1203 1444 1442 1486 quinquaginta,
1475 1445 1550 1486 quin
1576 1444 1670 1474 immo
1693 1443 1733 1473 ad
1761 1443 1837 1473 duas
1860 1449 1891 1473 et
1918 1445 2085 1484 sexaginta
2113 1454 2210 1486 usque
2234 1451 2322 1475 erant

409 1505 528 1529 auctae.

561 1560 767 1602 Schwez'gger
794 1561 970 1593 Handbuch
1001 1562 1056 1593 der
1072 1548 1365 1603 ¹Naturgeschichte
1397 1560 1452 1590 der
1480 1559 1680 1592 scelettlosen
1709 1559 1968 1601 ungegliederten
1996 1558 2123 1592 Thiere.
2180 1561 2322 1602 Leipzig,

413 1614 503 1646 1820.
542 1624 615 1657 pag.
640 1615 712 1647 286.

1243 1712 1274 1760 ξ.
1311 1715 1342 1750 7.

408 1821 585 1855 Vertebra
604 1821 741 1867 prima,
773 1821 851 1856 sive
880 1823 979 1864 colli,
1016 1822 1269 1857 mammalium
1300 1821 1495 1866 aviumque
1527 1821 1656 1855 atlanti
1686 1818 1927 1866 respondens,
1958 1830 2087 1866 corpus
2112 1820 2220 1855 habet
2250 1821 2325 1855 fere

263 1891 422 1933 nullum,
442 1902 567 1924 arcum
594 1890 746 1937 planum
770 1901 1028 1936 compressum,
1058 1890 1105 1925 ad
1129 1889 1375 1936 recipiendam
1399 1879 1600 1924 medullam
1625 1888 1876 1934 oblongatam‚
1905 1900 2114 1935 processum
2139 1891 2325 1936 spinosum

266 1960 591 2001 asserculiformen,
609 1959 784 1994 cavitates
809 1958 1030 2005 glenoidales
1055 1960 1257 2007 superiores
1281 1959 1460 2002 laterales,
1478 1957 1642 2003 condylis
1666 1958 1756 1993 ossis
1773 1957 1932 2004 occipitis
1949 1963 2222 2002 consentaneas,
2245 1971 2325 2007 pro-

266 2041 387 2065 cessus
412 2034 640 2063 transversos
668 2029 743 2063 fere
767 2029 896 2063 nullos.
918 2048 967 2054 -

416 2097 557 2133 Eadem
597 2102 777 2132 structura
815 2097 908 2139 sere,
957 2097 1083 2131 ceteris
1122 2097 1288 2131 omnibus
1328 2102 1381 2131 est
1420 2094 1609 2138 vertebriS,
1647 2095 1711 2129 sed
1748 2106 1878 2143 corpus
1920 2100 1976 2130 est
2010 2097 2128 2142 majus
2165 2096 2253 2132 Tab.
2281 2098 2325 2132 Π.

268 2168 345 2214 Fig.
373 2171 429 2202 22.
455 2167 496 2211 d,
523 2178 712 2214 processus
736 2167 935 2202 transversi
955 2167 1078 2210 fortes,
1099 2166 1179 2212 (bb)
1201 2178 1305 2201 arcus
1328 2176 1554 2212 compressus
1572 2165 1761 2212 paululum
1783 2165 1913 2208 minor,
1935 2164 2022 2210 (aa)
2044 2177 2233 2212 processus
2255 2168 2327 2214 spi-

270 2249 380 2273 nosus
399 2237 563 2273 similiter
577 2237 765 2279 formatus,
783 2242 921 2283 postea,
936 2237 974 2270 in
992 2236 1210 2271 lumbalibus
1227 2237 1322 2271 infra
1345 2235 1484 2271 divisus
1501 2240 1556 2270 est
1580 2240 1616 2269 et
1642 2234 1868 2282 capitulatus.
1919 2234 2102 2270 Vertebris
2125 2234 2328 2279 duodecim,

273 2309 410 2343 atlante
433 2312 599 2354 excepto,
621 2306 811 2353 prioribus,
836 2307 996 2341 costulae
1019 2306 1057 2340 in
1078 2306 1305 2353 processibus
1327 2305 1544 2341 transversis
1568 2304 1778 2346 adhaerent,
1801 2304 1958 2339 cavitate
1980 2305 2163 2339 articulari
2185 2304 2328 2340 affixae.

274 2377 469 2412 Lumbales
500 2375 690 2411 vertebrae
718 2375 854 2409 habent
883 2376 1020 2416 nullas,
1053 2386 1206 2419 quarum
1236 2375 1461 2420 processibus
1493 2375 1711 2409 transversis
1741 2373 1958 2407 accumbunt
1985 2384 2068 2408 ossa
2092 2374 2328 2409 innominata.

273 2445 412 2480 Sacrali
440 2450 581 2486 autem,
610 2444 649 2477 in
678 2444 757 2477 loco
781 2443 958 2485 costulae,
980 2443 1152 2488 cartilago
1174 2443 1285 2489 plana
1316 2454 1398 2477 cum
1421 2453 1502 2477 osse
1523 2442 1644 2484 ischii,
1668 2441 1820 2487 adjacet.
1844 2461 1892 2466 -
1919 2441 2115 2476 Vertebrae
2138 2443 2330 2486 secundae,

274 2515 420 2556 tertiae,
450 2518 619 2559 quartae,
652 2523 763 2558 quum
792 2511 978 2546 incumbat
1004 2513 1175 2556 cartilago
1201 2512 1388 2554 sternalis;
1426 2511 1626 2545 thoracicas
1649 2510 1902 2552 denominavi;
1931 2520 2066 2545 novem
2090 2516 2227 2546 ceteras
2249 2523 2331 2548 ver-

276 2584 414 2626 tebras,
445 2583 577 2617 liberas
607 2582 714 2623 sitas,
737 2580 916 2623 dorsales;
947 2579 1124 2614 lumbales
1156 2585 1279 2615 autem
1310 2579 1420 2622 duas,
1452 2579 1660 2615 vertebram
1690 2579 1862 2613 nimirum
1894 2578 2073 2614 decimam
2105 2584 2271 2626 quartam
2296 2588 2332 2615 et

276 2654 451 2700 quintam,
476 2663 587 2698 quum
612 2649 752 2685 ossibus
785 2648 1019 2683 innominatis
1052 2648 1336 2691 circumdentur,
1366 2655 1402 2682 et
1431 2650 1527 2683 intra
1551 2649 1668 2695 pelvis
1691 2648 1848 2694 spatium
1881 2648 1971 2682 sitae
1996 2648 2077 2682 sint.
2111 2669 2159 2673 —
2207 2649 2331 2684 Verte-

278 2723 365 2757 brae
398 2720 568 2755 caudales
597 2721 734 2766 priores
763 2724 901 2765 septem
929 2718 989 2753 vel
1015 2724 1094 2752 octo
1117 2729 1306 2764 processus
1336 2717 1471 2752 habent
1503 2718 1668 2764 spinosos
1699 2722 1735 2751 et
1757 2722 1986 2753 transversos
2017 2718 2193 2765 paulatim
2217 2720 2332 2765 magis

279 2792 465 2837 magisque
490 2793 759 2831 evanescentes,
783 2788 834 2823 ita
857 2793 897 2823 ut
919 2787 1068 2822 ultimae
1090 2793 1125 2822 et
1148 2787 1204 2823 his
1229 2793 1265 2822 et
1286 2788 1356 2822 illis
1379 2792 1526 2822 careant
1548 2786 1784 2834 processibus.
1810 2804 1858 2811 ——

1251 2951 1283 2997 §-
1325 2954 1356 2984 8.

430 3055 693 3091 Salamandrae
725 3058 904 3093 terrestris
932 3062 1040 3104 caput
1070 3066 1120 3091 ex
1149 3055 1290 3091 duobus
1314 3061 1350 3090 et
1371 3055 1499 3101 viginti
1523 3055 1789 3091 conformatum
1819 3059 1874 3089 est
1906 3053 2046 3089 ossibus
2075 3059 2111 3088 et
2131 3055 2278 3102 paribus
2301 3062 2336 3090 et

282 3126 492 3175 imparibus.

432 3195 458 3230 Ι.
511 3195 560 3230 Os
584 3195 781 3242 occipitale,
805 3197 1030 3239 annularem,
1052 3195 1162 3230 habet
1183 3196 1351 3237 formam,
1374 3206 1424 3230 ex
1449 3200 1602 3241 quatuor
1629 3195 1868 3241 compositum
1897 3193 2078 3235 ossiculis,
2108 3191 2247 3229 duobus
2279 3205 2337 3229 su-

285 3265 495 3312 perioribus,
519 3264 672 3299 totidem
696 3265 932 3301 inferioribus.
984 3265 1071 3301 Tab.
1096 3265 1156 3300 ΠΙ.
1182 3264 1259 3311 Fig.
1287 3268 1316 3299 1.
1341 3278 1383 3308 a,
1407 3265 1437 3299 F
1440 3265 1483 3310 ig.
1509 3267 1540 3298 2.
1567 3264 1607 3307 b,
1632 3264 1807 3309 condylos
1829 3263 1919 3298 duos
1948 3261 2163 3298 cavitatibus
2191 3263 2337 3298 atlantis

286 3333 547 3380 glenoidalibus
575 3340 836 3369 consentaneos
868 3335 1120 3370 subrotundos.
1162 3334 1239 3380 Fig.
1266 3337 1294 3368 1.
1320 3333 1400 3379 (cc)

435 3403 479 3437 Π.
511 3403 570 3438 ΠΙ.
623 3404 715 3439 Ossa
738 3405 954 3451 temporalia
979 3404 1281 3451 quadrangularia
1303 3405 1413 3451 plana
1436 3402 1520 3447 (dd)
1553 3414 1679 3450 supra,
1713 3403 1751 3437 in
1783 3402 1919 3450 postico
1948 3407 2136 3437 transelmt
2166 3411 2338 3447 magnmn

288 3474 325 3507 in
349 3483 557 3520 processum
580 3473 822 3515 mastoiderun
844 3473 1091 3519 cylindricum.
1125 3473 1212 3509 Tab.
1236 3473 1296 3508 ΠΙ.
1319 3473 1395 3518 Fig.
1419 3475 1451 3506 2.
1474 3471 1552 3516 (ee)

443 3576 492 3617 ⁶⁰)
514 3575 678 3608 Zootomie
697 3577 717 3607 1.
739 3588 766 3609 c.
787 3588 859 3621 pag.
882 3577 951 3609 116.

444 3635 493 3676 ⁶¹)
514 3635 534 3667 l.
556 3647 582 3667 c.
602 3647 674 3679 pag.
696 3636 744 3666 12.

1882 3677 1953 3711 B2
