2574 4123
965 365 1556 417 wib-‘m

236 509 364 546 transit
381 513 545 542 tenuem.
597 504 798 540 Choroidca
827 504 983 538 calorem
1008 502 1115 536 habet
1140 503 1215 536 sere
1237 503 1391 547 nigrum,
1422 506 1457 534 et
1479 500 1668 547 permultis
1694 502 1842 548 impleta
1867 501 2049 542 vasiculis,
2078 500 2215 534 bruneo
2238 500 2291 533 in-

236 579 378 614 ducitur
400 578 593 624 pigmento.
645 576 896 620 Ligamcntum
919 574 1041 607 ciliare
1065 573 1239 617 exiguum
1263 577 1335 614 est,
1369 577 1404 604 et
1426 577 1638 616 angustum,
1670 582 1799 617 corpus
1824 572 1946 606 ciliare
1971 577 2079 605 tenue
2103 580 2185 604 cum
2210 580 2293 616 pro-

235 649 394 684 cessibus
424 646 614 680 ciliaribus.
664 646 730 679 Iris
759 650 790 677 et
825 644 960 690 pupilla
990 643 1065 688 Fig.
1098 643 1150 675 16.
1182 641 1242 675 IV.
1277 643 1327 676 ita
1356 646 1439 676 sunt
1464 641 1730 683 conformatae,
1763 647 1802 675 ut
1832 641 1920 676 nihil
1944 641 2078 676 insoliti
2107 638 2292 685 adspectui

236 718 444 764 praebcant.
494 715 589 750 Lens
614 720 667 749 est
691 725 836 759 magna,
859 722 1067 757 compressa
1092 711 1281 756 paululum
1303 711 1380 757 Fig.
1409 712 1463 745 16.
1488 710 1544 751 11„
1567 711 1725 745 continet
1748 711 1915 746 nucleum
1940 710 2147 752 rotundum,
2163 708 2294 743 durum

236 787 387 834 perinde
407 797 449 821 ac
473 787 510 820 in
534 774 708 829 piscibus,
737 783 784 818 ad
808 784 925 818 lucem
950 781 1203 817 reflectendam
1226 781 1354 818 adesse
1377 780 1541 823 videtur,
1572 792 1688 828 neque
1717 780 1814 815 enim
1843 781 1957 816 ullum
1983 779 2102 823 aliud,
2131 778 2296 815 invenire

235 868 384 903 possum
406 855 606 891 consilium.

1200 977 1232 1024 ξ.
1284 979 1340 1014 26.

385 1086 671 1134 Descripsimus‚'
689 1090 866 1132 quantum
891 1086 968 1120 fieri
994 1089 1146 1132 poterat,
1170 1095 1367 1120 nervorum
1391 1082 1627 1118 brachialium
1651 1083 1863 1126 decursum3
1884 1082 1955 1118 'sed
1978 1093 2052 1116 non
2083 1081 2170 1116 satis
2195 1090 2298 1114 accu-

237 1168 313 1196 rate
339 1156 518 1195 sentiendi
543 1156 752 1190 facultatem
783 1156 818 1189 in
843 1155 1036 1200 digitorum
1066 1165 1237 1189 mucrone
1268 1155 1429 1202 experiri
1458 1155 1578 1201 potui,
1612 1154 1662 1188 ita
1693 1159 1731 1188 ut
1760 1154 1910 1188 minime
1941 1151 2140 1198 dijudicare
2170 1150 2299 1191 ausim,

239 1237 357 1265 utrum
384 1226 556 1272 tangendi
580 1225 674 1260 adsit
698 1225 868 1267 facultas,
895 1236 943 1259 an
968 1225 1061 1259 non?
1092 1224 1181 1259 mihi
1209 1230 1332 1260 autem
1363 1224 1507 1259 videtur
1532 1224 1626 1258 circa
1656 1236 1696 1258 os
1728 1224 1844 1269 magis
1876 1234 1954 1259 esse
1983 1224 2110 1262 sitam,
2141 1220 2188 1254 ob
2210 1219 2300 1255 cutis

236 1300 461 1339 tenuitatem,
485 1306 752 1342 nervorumque
778 1294 835 1329 hic
861 1305 1109 1342 expansorum
1133 1295 1285 1341 copiam.

1200 1457 1231 1503 ξ.
1284 1457 1339 1493 27.

385 1565 464 1609 Quo
489 1566 610 1600 minus
635 1569 752 1599 tactus
778 1563 946 1599 excultus
971 1562 1135 1606 videtur,
1169 1575 1212 1598 eo
1244 1565 1360 1610 magis
1392 1564 1556 1600 olfactus.
1615 1564 1734 1611 Supra
1756 1561 1787 1609 ξ.
1812 1566 1868 1598 20.
1897 1564 2119 1597 mentionem
2153 1563 2303 1598 fecimus

238 1647 435 1672 nervorum
449 1635 718 1670 olfactoriorum
735 1644 785 1668 ex
810 1633 1084 1681 hemisphaeriis
1109 1633 1377 1680 prodeuntium.
1428 1634 1533 1669 Bulbi
1557 1646 1595 1669 se
1619 1633 1837 1681 expandunt
1858 1634 1894 1668 in
1920 1634 2134 1668 membrana
2156 1645 2306 1668 mucosa

237 1707 365 1752 grisea,
395 1706 485 1740 cutis
508 1705 790 1746 continuatione,
821 1715 914 1750 quae
936 1710 1012 1738 rete
1034 1704 1185 1751 impleta
1210 1710 1264 1739 est
1289 1706 1481 1740 vasculoso
1506 1704 1761 1745 subtilissimo,
1796 1703 1885 1737 haec
1912 1709 2035 1738 autem
2061 1715 2099 1738 se
2124 1704 2306 1748 immergit

236 1775 384 1829 naribus
408 1775 561 1817 conicis,
593 1785 790 1820 earumque
815 1772 961 1808 obducit
983 1773 1139 1820 parietes
1163 1775 1343 1816 internos,
1377 1774 1474 1808 unde
1498 1775 1557 1817 fit,
1593 1780 1633 1808 ut
1654 1785 1761 1808 nares
1784 1772 1935 1807 ramulis
1963 1773 2140 1807 olfactorii
2162 1774 2306 1820 copiose

238 1846 310 1880 sint
333 1844 529 1879 instructae
561 1842 657 1889 quod
680 1843 859 1889 imprimis
884 1843 1129 1877 necessarium
1154 1842 1314 1885 videtur,
1351 1855 1462 1889 quum
1494 1844 1532 1877 in
1564 1843 1860 1889 respirationem,
1894 1842 2102 1877 olfac-torius
2134 1854 2306 1888 magnam

239 1915 372 1949 habeat
395 1915 491 1956 vim3
527 1912 623 1959 quod
645 1912 741 1947 infra
765 1913 878 1948 satius
902 1921 1100 1959 exponam.
1151 1910 1234 1946 Non
1258 1923 1429 1959 possum,
1465 1914 1550 1959 quin
1576 1913 1718 1947 silentio
1742 1912 2050 1960 praetermittam,
2081 1912 2151 1947 viri
2175 1911 2305 1947 doctis-

240 1985 321 2019 simi
347 1989 382 2017 et
403 1982 700 2027 ingeniosissimi,
728 1982 817 2016 mihi
848 1982 1058 2018 amicissimi
1081 1981 1279 2017 Esehricht
1306 1982 1534 2025 Hafniensis,
1567 1982 1878 2025 dissertationem,
1897 1980 1955 2027 8⁷)
1985 1983 2022 2016 in
2055 1993 2125 2028 qua
2147 1982 2305 2029 primum

242 2055 277 2088 in
301 2054 417 2089 lucem
439 2051 589 2100 protulit
613 2061 811 2087 nervorum
835 2050 981 2085 olfactui
1007 2051 1283 2087 inservientium
1306 2057 1476 2087 naturam
1501 2052 1705 2088 obstrusam
1729 2058 1764 2087 et
1789 2052 2064 2088 clandestinam.
2097 2073 2137 2076 --

1210 2231 1241 2278 ξ.
1293 2235 1349 2266 28.

393 2338 504 2373 Curta
529 2344 583 2373 cst
605 2337 870 2372 Salamandrae
893 2338 1071 2373 terrestris
1098 2339 1219 2384 lingua
1250 2344 1283 2372 ct
1311 2349 1449 2380 crassa,
1482 2338 1555 2371 ossi
1579 2338 1728 2383 linguali
1755 2337 1908 2379 adnata,
1938 2349 2047 2384 quam
2075 2339 2120 2373 ob
2143 2351 2309 2375 caussam

245 2407 450 2449 immobilis,
472 2407 616 2454 papillis
642 2406 810 2441 tenuibus
837 2407 975 2442 villosis
1000 2408 1187 2449 instructa,
1219 2407 1335 2453 qualis
1359 2411 1565 2452 quantaque
1592 2409 1669 2452 ejus
1695 2408 1740 2441 sit
1764 2409 1821 2442 vis
1842 2408 2017 2442 sensifera
2036 2410 2169 2452 nescio,
2201 2421 2311 2456 quum

244 2477 333 2512 mihi
356 2488 427 2510 non
454 2476 641 2521 contigerit
669 2481 709 2510 ut
737 2476 775 2509 in
805 2475 940 2511 vividis
962 2477 1181 2523 inquirerem
1213 2476 1459 2518 animalculis,
1501 2483 1661 2510 ceterum
1692 2487 1738 2509 ne
1764 2487 1919 2511 nervum
1946 2476 2091 2523 quidem
2116 2478 2311 2523 lingualem

245 2547 291 2581 ob
317 2545 551 2581 subtilitatem
575 2555 691 2586 suam,
716 2545 936 2590 investigare
962 2550 997 2578 et
1022 2546 1187 2591 persequi
1210 2547 1322 2591 potui.
1372 2545 1537 2590 Depinxi
1562 2546 1722 2589 linguam
1746 2544 1834 2580 Tab.
1855 2545 1899 2580 Π.
1922 2546 1999 2592 Fig.
2016 2549 2035 2582 9
2062 2559 2096 2581 (ι.
2119 2546 2150 2581 F
2153 2548 2195 2592 ig.
2215 2547 2257 2583 17
2278 2562 2311 2582 a.

247 2615 363 2658 Quam
393 2615 542 2650 Zehnr'ets
563 2614 622 2659 ⁸⁸)
647 2613 764 2656 dedit,
801 2613 847 2648 de
874 2615 997 2659 lingua
1019 2612 1284 2649 Salamandrae
1309 2613 1523 2660 descriptio,
1553 2612 1649 2647 bona
1680 2619 1743 2648 est.
1800 2614 2005 2648 Glandulac
2036 2614 2205 2650 mucosae
2235 2629 2311 2663 per-

246 2686 394 2729 multae,
416 2684 606 2721 humidam
629 2689 665 2718 et
686 2683 862 2718 lubricam
884 2683 1046 2729 linguam
1072 2682 1230 2719 reddunt
1256 2689 1291 2717 et
1315 2683 1510 2718 continent.
1538 2701 1586 2707 ψ-

1214 2844 1245 2891 ξ.
1284 2847 1340 2882 29.

394 2952 549 2988 Auditus
575 2962 750 2997 organum
782 2951 933 2998 perinde
963 2963 1005 2986 ac
1030 2957 1174 2997 gustus,
1202 2952 1324 2987 minus
1356 2956 1410 2986 est
1435 2951 1640 2993 excultum,
1672 2957 1708 2985 ct
1732 2962 1862 2998 parum
1890 2958 1952 2986 aut
1977 2952 2065 2988 nihil
2092 2953 2138 2988 de
2161 2952 2312 2989 Chon-

249 3023 675 3070 deropterygiorum
709 3028 744 3055 et
767 3021 883 3056 Bran
896 3021 1237 3067 chiostegorum
1269 3021 1387 3055 differt
1416 3021 1553 3056 auditu.
1605 3020 1696 3056 Cute
1718 3027 1753 3055 et
1780 3023 1952 3058 musculis
1975 3024 2133 3069 rejectis,
2155 3025 2312 3071 primum

249 3095 285 3128 in
311 3105 392 3128 osse
418 3098 624 3139 temporum
653 3092 690 3125 in
714 3098 947 3136 conspectum
978 3092 1079 3127 venit
1113 3091 1322 3138 operculum
1354 3091 1626 3137 cartilagineum
1659 3090 1747 3126 Tab.
1773 3092 1816 3126 Π.
1848 3092 1924 3138 Fig.
1956 3095 1998 3129 19
2016 3094 2050 3128 d.
2078 3094 2227 3128 minime
2255 3106 2313 3128 ro-

250 3162 415 3204 tundum,
440 3162 546 3208 quale
571 3163 721 3209 Scarpa
746 3161 925 3208 depinxit,
946 3159 1004 3206 89)
1027 3160 1090 3196 sed
1114 3160 1402 3203 rhomboideum,
1425 3172 1507 3196 cum
1530 3161 1752 3206 marginibus
1778 3163 1937 3198 curvatis
1961 3162 2107 3205 obtusis,
2131 3165 2313 3198 asserculo

250 3231 480 3266 circumdatis
504 3242 618 3265 osseo.
671 3231 849 3278 Operculo
874 3230 1016 3265 detecto
1041 3230 1190 3272 deinde,
1226 3241 1358 3265 cavum
1384 3214 1510 3266 videas
1534 3231 1691 3277 operculi
1711 3232 1851 3267 formae
1875 3231 2201 3275 accommodatum,
2230 3234 2312 3268 sub-

251 3302 385 3337 stantia
415 3300 693 3337 membranacea
728 3301 845 3345 grisea
875 3300 1083 3347 impletum3
1119 3301 1252 3335 format
1286 3306 1408 3336 autem
1439 3301 1617 3344 sacculos,
1649 3303 1710 3348 qui
1740 3303 1889 3351 singulis
1920 3301 2065 3337 auditus
2096 3304 2313 3339 cavitatibus

2201 3374 2312 3408 osseis

404 3473 452 3513 ⁸⁷)
473 3473 524 3504 De
545 3473 758 3504 functionibus
781 3484 947 3507 nervorum
969 3474 1059 3504 faciei
1082 3480 1113 3504 et
1132 3473 1262 3503 olfactus
1285 3475 1405 3515 organi.
1449 3473 1587 3504 Hafniae
1612 3475 1701 3505 1825.
1723 3476 1794 3506 Svo.

404 3532 452 3572 ⁸⁶)
474 3532 660 3574 Goettinger
681 3531 821 3573 gelehrte
845 3534 1007 3573 Anzeigen
1032 3533 1081 3563 fiir
1103 3533 1158 3563 das
1181 3532 1257 3562 Jabr
1281 3533 1370 3566 1737.
1401 3543 1472 3574 pag.
1497 3534 1662 3564 1202-3.

407 3589 455 3629 ⁸⁹)
479 3591 585 3623 Aulon
609 3590 763 3632 Scarpa's
790 3591 1004 3621 anatomische
1034 3591 1318 3632 Untersuchungen
1344 3592 1398 3622 des
1421 3591 1543 3622 Gehiirs
1572 3593 1635 3623 und
1661 3591 1832 3623 Geruches.
1876 3592 1943 3623 Aus-
1964 3593 2032 3624 dem
2053 3593 2176 3624 Late-in.
2208 3591 2312 3623 Niirn-

550 3638 628 3682 berg
651 3641 740 3671 1800.
763 3638 826 3671 4to.
849 3639 928 3671 Tab.
953 3639 993 3670 V.
1017 3641 1085 3682 Fig.
1108 3640 1137 3672 5.
1158 3650 1229 3681 pag.
1252 3638 1384 3671 lio-42.
1405 3645 1438 3671 et
1459 3650 1530 3682 pag.
1555 3640 1624 3671 169.
