2574 4123
1104 570 1260 623 Figura
1288 574 1422 610 sexta.

234 684 373 716 Eundem
398 684 533 715 ostendit
552 696 571 715 a
593 684 690 715 latere
713 684 861 714 inferiore
885 683 1050 724 depictum.

442 746 562 777 A.B.C.
584 746 668 777 Idem
690 757 726 777 ac
744 747 775 776 in
798 744 868 787 Fig.
891 744 931 776 V.
952 745 1127 788 designant.

443 800 463 819 u
474 792 509 830 a)
530 790 618 820 nervi
641 788 806 819 olfactorii.

442 830 501 871 bb)
525 831 613 861 nervi
635 831 739 871 optici.

1105 968 1265 1023 Figura
1290 969 1480 1022 septima.

235 1089 420 1130 Systematis
441 1084 598 1117 vasculosi
616 1083 808 1115 demonstrat
827 1083 1001 1114 decursum.

448 1149 508 1188 M)
529 1157 634 1178 ramus
657 1148 774 1188 primus
794 1156 837 1176 ex
855 1152 964 1176 trunco
985 1152 1092 1176 aortae
1114 1144 1272 1186 prodiens.

443 1192 510 1229 252)
529 1199 634 1221 ramus
655 1187 820 1218 secundus.

446 1232 510 1271 ἆῤ)
531 1241 637 1262 ramus
659 1231 778 1267 tertius,
801 1240 844 1260 ex
865 1229 1004 1260 secundo
1024 1234 1163 1259 exortus.

447 1272 511 1313 4.4)
533 1272 645 1303 ramuli
665 1272 867 1311 conjunctivi.

448 1315 581 1354 5.5.6.6)
604 1313 716 1345 ramuli
738 1316 882 1345 arteriam
905 1311 1114 1354 pulmonalem
1138 1311 1377 1342 conformantes.

447 1358 512 1398 7.7)
531 1356 643 1387 ramuli
664 1357 799 1386 cutanei.

448 1400 511 1440 RS)
531 1399 645 1429 arteria
667 1396 865 1439 pulmonalis.

448 1442 511 1481 99)
530 1441 644 1470 arteria
663 1439 703 1469 ad
722 1438 879 1469 musculos
898 1437 1054 1478 linguales
1074 1437 1251 1468 decurrens.

450 1484 510 1523 12>
535 1488 623 1512 aorta
639 1481 843 1511 descendens.

451 1524 512 1565 lsi)
533 1525 648 1554 arteria
669 1522 849 1553 ischiadica.

449 1567 510 1606 15)
531 1566 645 1595 arteria
666 1564 768 1596 iliaca.

449 1609 510 1648 th)
532 1609 646 1637 arteria
664 1606 867 1637 sacramedia.

451 1647 533 1689 n'.a')
552 1649 666 1688 plexus
689 1659 856 1678 nervorum
878 1646 1089 1677 brachialium.

450 1692 516 1731 ma)
539 1701 620 1721 vena
640 1690 743 1721 iliaca.

450 1732 572 1772 b.b.b.b)
591 1732 724 1763 venulae
742 1731 876 1762 renales.

450 1778 510 1812 (nc)
530 1784 612 1805 vena
629 1773 745 1805 renalis
763 1773 876 1803 media.

450 1818 515 1857 «l.d)
538 1827 619 1846 vena
638 1814 754 1847 renalis
775 1814 921 1845 lateralis.

450 1862 511 1896 (ne)
536 1869 617 1888 vena
638 1858 679 1897 hy
703 1858 869 1898 ogastrica.

444 1901 516 1942 ff)
540 1912 620 1931 vena
640 1902 686 1930 isc
697 1898 821 1929 liadica.

451 1946 518 1984 gg)
538 1953 619 1973 vena
640 1941 836 1983 epigastrica.

453 1985 515 2024 lule)
539 1995 639 2015 venae
659 1990 820 2013 cutaneae.

450 2031 480 2067 i)
502 2037 584 2057 vena
605 2032 774 2067 portarum.

452 2071 540 2107 AM)
560 2078 660 2098 venae
681 2064 883 2097 vertebrales.

452 2113 520 2151 HJ)
541 2119 642 2141 venae
663 2106 888 2140 intercostales.

1101 2287 1259 2342 Figura
1298 2296 1457 2331 octava.

246 2406 401 2441 Musculis
421 2402 612 2445 {ingualibus
630 2402 768 2441 rejectis,
790 2400 925 2430 ostendit
947 2400 1111 2431 decursum
1133 2402 1316 2433 arteriarum
1340 2408 1460 2433 aortam
1481 2400 1723 2432 descendentem
1744 2397 2005 2441 componentium.

458 2467 491 2507 u)
514 2463 704 2496 ventriculus
727 2463 839 2494 cordis.

458 2510 489 2549 b)
510 2509 621 2538 atrium
641 2507 754 2536 cordis.

458 2556 498 2590 m)
517 2559 629 2580 saccus
652 2548 779 2578 conicus
798 2557 898 2576 venae
921 2558 1026 2577 cavae.

460 2595 492 2632 η)
516 2590 670 2622 orificium
695 2599 793 2619 venae
815 2587 1012 2630 pulmonalis.

462 2631 711 2669 1.2..3.4.5.6.7.ss)
731 2631 813 2660 idem
835 2641 872 2660 ac
894 2632 925 2660 in
947 2631 1017 2671 Fig.
1041 2630 1112 2661 VII.
1135 2631 1325 2672 significant.

463 2678 512 2716 to)
536 2675 650 2705 arteria
671 2673 710 2703 ad
732 2671 891 2703 maxillam
914 2671 1094 2703 inferiorem
1114 2673 1293 2703 decurrens.

463 2719 566 2754 itm)
589 2726 680 2746 arcus
700 2715 880 2750 arteriosus,
901 2721 1020 2745 aortam
1041 2714 1286 2746 descendentem
1310 2724 1510 2755 componens.

464 2759 567 2797 12³2)
590 2764 678 2789 aorta
700 2755 902 2788 descendens.

1142 2935 1300 2990 Figura
1327 2949 1449 2977 nona.

258 3059 307 3088 Ex
329 3055 449 3097 egregii
473 3052 626 3084 Rusconn·
644 3060 738 3091 opere
757 3050 945 3080 nitidissimo
964 3056 1010 3081 est
1026 3050 1197 3092 desumpta,
1221 3049 1314 3091 (Tab.
1330 3049 1386 3081 IV.
1408 3050 1477 3092 Fig.
1493 3048 1563 3087 IV.)
1578 3055 1611 3079 ut
1628 3047 1761 3078 eundem
1775 3047 1969 3085 arteriarum,
1984 3056 2147 3078 numerum
2169 3058 2211 3078 ex
2234 3055 2323 3080 aorta

405 3108 623 3151 prodeuntium
642 3106 674 3135 in
698 3104 833 3144 cordylis
856 3105 980 3141 videas,
1007 3115 1076 3134 cum
1097 3105 1207 3136 eodem
1229 3107 1263 3136 in
1286 3104 1398 3136 adultis
1419 3110 1652 3145 congruentem.
1695 3101 1781 3132 Idem
1805 3101 1970 3133 observavi
1988 3103 2022 3133 in
2047 3101 2192 3142 cordylis,
2212 3113 2321 3144 quum-

407 3175 465 3206 que
487 3170 671 3204 persuasum
694 3169 743 3189 me
765 3157 909 3195 habeam,
936 3159 1016 3189 hanc
1038 3159 1188 3190 fabricam
1211 3160 1394 3190 arteriarum
1416 3159 1500 3189 haud
1519 3157 1630 3189 melius
1651 3168 1670 3187 a
1692 3166 1742 3187 me
1762 3155 1913 3187 delineari
1936 3166 2046 3198 posse,
2069 3154 2151 3187 hanc
2170 3155 2326 3188 Rusconta·

407 3218 506 3258 elegi,
532 3226 570 3245 eo
597 3214 698 3254 magis
721 3212 832 3249 adhuc,
855 3219 897 3242 ut
924 3223 1028 3244 meas
1056 3215 1096 3244 in
1127 3214 1286 3245 adultis
1314 3212 1561 3243 animalibus
1586 3211 1721 3242 factas
1751 3210 2088 3248 observationes,
2118 3210 2319 3242 affirmem

411 3272 482 3302 hoc
511 3269 706 3300 Ruso-onii
733 3268 983 3298 testimonio.
1034 3268 1090 3299 Est
1109 3274 1212 3300 autem
1234 3269 1399 3299 discrimen
1421 3267 1496 3305 hoc,
1521 3273 1555 3296 ut
1575 3267 1609 3296 in
1629 3264 1763 3305 cordylis
1786 3275 1861 3295 vasa
1883 3275 1925 3295 ex
1946 3275 2076 3306 corpore
2099 3266 2206 3306 quasi,
2226 3272 2260 3295 ut
2277 3267 2322 3296 ita

411 3327 522 3361 dicam,
539 3322 745 3364 dependeant,
763 3322 795 3351 in
819 3320 931 3352 adultis
953 3329 1055 3352 autem
1076 3325 1176 3365 magis
1199 3323 1359 3364 magisque
1383 3322 1592 3353 reflectantur.
1616 3318 1741 3361 Operae
1757 3320 1891 3360 pretium
1913 3328 1948 3348 re
1969 3328 2046 3348 vera
2066 3318 2156 3356 foret,
2178 3321 2276 3350 satius
2291 3328 2323 3351 et

412 3380 586 3411 accuratius
605 3377 685 3407 hanc
703 3375 966 3416 metamorphosin
986 3379 1147 3420 persequi,
1175 3377 1213 3408 ad
1233 3377 1401 3418 perfectam
1424 3374 1566 3407 animalis
1589 3373 1800 3404 evolutionem
1830 3383 1937 3415 usque.
1984 3371 2162 3405 Ruscom'us
2179 3373 2239 3404 hoc
2259 3385 2323 3405 non

413 3435 502 3471 fecit,
529 3432 665 3474 mihique
689 3440 752 3461 non
775 3429 861 3460 licuit
882 3429 922 3460 ob
949 3433 1096 3472 temporis
1115 3432 1292 3473 augustias,
1318 3432 1530 3471 minutumque
1553 3427 1749 3469 cordylorum
1771 3438 1932 3459 numerum
1953 3437 1996 3457 ex
2017 3428 2112 3458 variis
2136 3428 2323 3459 evolationis

411 3489 528 3519 stadiis„
570 3486 612 3517 At
632 3486 782 3527 proposui
801 3484 886 3521 mihi,
920 3485 946 3514 si
968 3485 1047 3516 sorte
1074 3487 1240 3527 contigerit
1261 3485 1353 3520 mihi.
1378 3491 1412 3515 ut
1432 3483 1591 3515 laboribus
1616 3485 1695 3514 meis
1719 3482 1826 3513 faveas
1850 3481 1981 3511 candide
1998 3481 2126 3519 Lector,
2146 3481 2227 3513 hanc
2248 3493 2322 3512 evo-

413 3542 562 3573 lutionem
585 3547 616 3571 et
636 3538 900 3581 metamorphosin
923 3540 1073 3581 imprimis
1100 3540 1268 3572 observare
1291 3546 1322 3571 et
1344 3538 1531 3571 describere.
1559 3556 1599 3561 ——
1626 3537 1767 3569 Litterae
1787 3535 1826 3567 ad
1847 3534 2003 3567 Rusconiz·
2023 3542 2164 3578 spectant
2184 3536 2323 3567 denomi-

414 3598 582 3627 nationem.
606 3613 646 3620 —·

2248 3715 2279 3749 F
2281 3715 2324 3760 ig.
