2574 4123
1260 372 1293 422 8
1365 400 1558 412 Μ

385 505 444 542 IV.
486 508 522 541 V.
575 507 668 542 Ossa
699 509 887 555 parietalia
910 508 983 554 (fs)
1015 508 1144 554 plana,
1173 509 1210 542 in
1244 510 1382 556 postico
1415 508 1561 551 latiora,
1596 509 1776 544 diminuta
1815 510 1991 556 paulatim
2021 510 2059 543 in
2093 512 2228 553 antico,
2267 512 2303 545 in

240 576 402 621 margine
432 583 582 612 curvata
616 584 647 612 et
676 579 822 618 inflexa,
845 584 972 612 sutura
994 589 1082 613 vera
1116 579 1208 611 inter
1233 590 1272 613 se
1296 585 1380 614 sunt
1403 580 1603 624 conjuncta.

387 645 444 680 VI.
480 647 555 681 vll.
609 648 700 682 Ossa
724 649 774 682 sic
799 647 894 681 dicta
921 648 1116 694 quadrata,
1146 647 1304 683 sormam
1326 649 1461 683 habent
1483 650 1718 694 irregularem
1742 649 1855 684 tribus
1883 659 1932 683 ex
1960 648 2100 683 ossibus
2126 651 2302 696 composi-

238 720 325 757 tam,
349 727 501 762 quorum
526 718 689 764 superius
713 723 767 751 est
792 716 1070 762 subrotundum,
1091 719 1373 762 tuberculosum‚
1396 730 1582 766 asperum3
1600 718 1688 764 (gg)
1713 717 1886 762 medium,
1909 719 2061 766 planum
2082 718 2208 753 subtus
2231 720 2302 764 gle-

238 785 381 824 noidale
397 785 493 828 (ΙιΙι),
514 786 671 831 condylo
693 787 870 821 maxillae
894 787 1073 824 inferioris
1096 789 1331 836 respondens,
1354 788 1451 835 quod
1468 788 1615 835 quidem
1639 788 1834 823 ossiculum
1857 794 1982 823 sutura
2004 789 2149 835 obliqua
2173 794 2227 823 est
2251 789 2303 823 (li-

238 854 439 890 midiatum.
491 855 696 890 Ossiculum
723 856 869 891 tertium
891 858 1112 903 triangulare
1135 860 1306 901 anterius,
1331 859 1476 893 tertiam
1496 858 1587 892 ossis
1609 857 1777 903 quadrati
1799 857 1932 892 format
1953 863 2107 904 partem,
2121 857 2183 902 (ἰί)
2207 858 2302 905 quod

237 925 399 970 egregius
432 925 611 968 chscom',
647 937 875 972 processsum
912 928 1078 962 nominat
1111 928 1447 975 „postorbitale1n.’'
1470 926 1531 973 ⁵2)
1587 928 1898 973 vituperationem
1936 927 2055 962 subire
2086 927 2233 969 videar,
2263 933 2304 962 ut

237 994 305 1027 tria
331 994 487 1029 ossicula
509 995 547 1029 in
569 1006 682 1029 unum
709 997 969 1039 contraxerim,
992 997 1057 1032 sed
1080 999 1281 1033 accuratius
1305 999 1335 1034 si
1357 998 1564 1033 consideres
1584 1008 1674 1038 rem,
1700 996 1871 1043 perfacile
1890 997 2080 1041 intelligas,
2103 997 2173 1031 tria
2198 996 2303 1030 haec-

236 1074 276 1095 ce
298 1061 440 1098 difficile
461 1064 717 1099 tantummodo
744 1077 823 1100 esse
846 1065 1056 1110 dividenda,
1078 1073 1114 1101 et
1137 1068 1335 1114 quamlibet
1357 1068 1587 1107 divisionem,
1610 1066 1940 1101 artificialem'esse.
1962 1087 2010 1090 -—

382 1132 474 1167 vm.
499 1132 563 1169 IX.
603 1134 695 1169 Ossa
712 1135 883 1170 frontalia
897 1136 980 1181 (kk)
1002 1137 1160 1172 formam
1183 1138 1319 1172 habent
1340 1136 1622 1183 trapezoideam‚
1648 1141 1774 1171 sutura
1795 1136 1889 1170 inter
1904 1147 1942 1170 se
1959 1145 2128 1170 connexa
2147 1141 2241 1170 sunt.
2259 1156 2306 1161 ——-

379 1201 423 1238 Χ.
458 1202 519 1238 XI.
572 1203 664 1238 Ossa
688 1204 924 1240 ethmoidalia
946 1205 1009 1251 (ΙΙ)
1033 1207 1453 1242 rhomboideo-curvata
1483 1212 1567 1241 sunt
1590 1206 1765 1248 formata,
1797 1211 1833 1239 et
1857 1205 1990 1241 suturis
2016 1206 2112 1240 veris
2138 1203 2303 1240 affinibus

234 1272 413 1306 associata
438 1273 588 1308 ossibus.
639 1274 885 1309 Etlnntudolia
909 1275 1001 1319 dixi,
1023 1287 1135 1323 quum
1158 1277 1263 1312 nervi
1293 1277 1471 1311 olfactorii
1496 1275 1707 1310 incumbant
1732 1275 1860 1311 bulbis.

382 1341 461 1379 XII.
501 1342 596 1378 XIII.
649 1343 740 1379 Ossa
771 1345 985 1390 lacrymalia
1011 1346 1129 1380 forma
1152 1353 1237 1381 sunt
1272 1345 1929 1391 oblongo-rhomboidco-incm·vata.
1961 1343 2069 1389 (mm)
2127 1343 2216 1378 Mihi
2251 1344 2303 1379 vi·

234 1409 418 1446 ‹lebantur
435 1414 486 1447 ita
509 1413 792 1456 denominanda,
816 1425 926 1461 quum
944 1416 1054 1449 situm
1076 1415 1235 1450 habeant
1257 1414 1484 1461 analogicum
1512 1416 1548 1449 in
1567 1415 1730 1450 hocloco
1753 1426 1836 1450 cum
1857 1426 1937 1450 osse
1961 1413 2123 1459 ejusdem
2149 1415 2304 1462 nominis

235 1479 271 1512 in
298 1481 517 1516 animalibus
541 1483 798 1529 superioribus,
822 1494 932 1530 quare
954 1494 1029 1519 non
1053 1484 1230 1527 dubitavi,
1257 1486 1343 1531 quin
1373 1486 1424 1520 ita
1453 1486 1661 1531 significem.
1690 1504 1738 1509 ——

380 1550 474 1586 XIV.
503 1551 580 1587 XV.
634 1552 726 1588 Ossa
751 1554 981 1599 zygomatica
1003 1553 1090 1599 (ηη)
1112 1566 1242 1603 corpus
1267 1554 1402 1590 habent
1426 1561 1462 1590 et
1484 1554 1734 1597 manubrium,
1766 1553 1862 1600 quod
1886 1553 2032 1601 quidem
2058 1564 2140 1587 cum
2161 1564 2302 1600 proces—

234 1630 274 1652 su
303 1621 528 1666 postorbitali
553 1623 749 1667 ligamento
774 1629 829 1659 est
851 1625 1094 1670 conjunctum.
1120 1645 1168 1649 —

379 1689 473 1725 XVI.
509 1691 621 1727 XVII.
681 1693 772 1728 Ossa
806 1695 983 1728 maxillae
1013 1695 1207 1741 superioris
1232 1695 1314 1739 (oo)
1348 1706 1477 1741 corpus
1510 1695 1645 1730 habent
1679 1706 1789 1741 supra
1826 1694 1976 1740 planum
2008 1702 2177 1739 parvum,
2209 1690 2303 1725 infra

234 1770 407 1803 magnum
434 1773 655 1805 concavum,
685 1774 895 1809 processum
926 1764 1150 1799 alveolarem
1173 1764 1261 1812 (pp)
1284 1764 1490 1808 dentatum3
1527 1771 1562 1798 et
1593 1765 1814 1811 palatinum,
1842 1762 2186 1808 lwato-ressexum,
2215 1759 2303 1794 den—

232 1833 360 1863 tatum.
411 1829 487 1875 Fig.
511 1833 543 1864 2.
574 1833 656 1879 (qq)
1189 1874 1193 1878 ,

381 1898 509 1935 XVIII.
543 1899 640 1936 XIX.
699 1901 792 1936 Ossa
823 1902 1131 1938 intermaxillaria
1159 1904 1333 1949 angulum
1366 1904 1443 1938 fere
1466 1909 1604 1938 rectum
1631 1903 1879 1944 conformant,
1908 1902 2010 1947 eujus
2043 1912 2123 1935 crus
2155 1900 2303 1935 inferior

233 1973 287 2000 est
309 1980 497 2013 processus
521 1971 714 2006 alveolaris
737 1971 818 2017 (rr)
841 1974 1005 2020 superior
1028 1979 1150 2008 autem
1179 1975 1326 2008 nasalis.
1359 1973 1430 2018 (ss)

380 2038 545 2074 Vacuum
578 2040 671 2075 inter
700 2046 891 2087 utrumque
922 2048 1033 2077 restat
1065 2044 1222 2089 spatium
1246 2043 1297 2088 (ζ)
1327 2044 1530 2079 substantia
1560 2042 1794 2087 cartilaginea
1824 2041 2031 2088 impletum,
2068 2045 2103 2074 et
2137 2045 2218 2073 cute
2241 2038 2301 2072 ob-

233 2113 378 2143 tectum.
420 2128 468 2134 ——

380 2177 460 2214 XX.
513 2180 563 2214 Os
585 2181 788 2226 palatinum
813 2182 906 2215 inter
929 2193 1118 2229 processus
1142 2183 1323 2229 palatinos
1346 2182 1522 2217 maxillae
1545 2181 1742 2228 superioris
1767 2181 1876 2215 situm
1901 2179 1963 2224 (ιι)
1996 2180 2146 2225 planum
2179 2183 2234 2212 est
2265 2177 2300 2211 in

232 2248 351 2282 antico
378 2249 643 2284 subrotundum
668 2251 704 2284 in
728 2251 866 2297 postico
899 2257 1138 2286 attenuatum.

376 2310 473 2353 XXI.
525 2318 575 2354 Os
599 2319 766 2362 basilare,
791 2320 957 2356 validum
982 2322 1190 2367 oblongum,
1217 2322 1309 2356 inter
1335 2333 1374 2356 os
1396 2321 1599 2367 palatinum
1625 2326 1661 2354 et
1683 2320 1871 2367 occipitale
1894 2319 2002 2354 situm
2029 2316 2087 2362 (v)
2113 2317 2221 2351 totius
2243 2327 2301 2350 ca-

232 2387 314 2431 pitis
340 2388 495 2422 fulcrum
520 2389 802 2435 quodammodo,
829 2397 946 2425 totum
972 2392 1104 2426 limitat
1130 2397 1247 2437 caput.

377 2456 490 2492 XXII.
541 2457 699 2494 Maxilla
721 2459 869 2494 inferior
892 2459 980 2495 Tab.
1006 2460 1067 2494 ΠΙ.
1091 2460 1122 2494 F
1124 2462 1167 2505 ig.
1192 2463 1225 2494 3.
1260 2459 1469 2506 parabolica
1499 2464 1553 2493 est
1582 2460 1709 2504 ligura,
1746 2459 1891 2504 spinula
1922 2457 2112 2491 dimidiata
2134 2455 2196 2500 (a)
2220 2467 2301 2502 pro-

231 2536 353 2560 cessus
368 2525 477 2559 habet
494 2528 729 2562 coronoideos
745 2529 1000 2571 subrotundos,
1019 2530 1278 2571 tuberculosos,
1297 2540 1456 2575 asperos,
1472 2527 1550 2571 (bb)
1574 2534 1609 2561 et
1635 2526 1810 2573 condylos
1832 2528 1973 2574 plan08‚
1996 2526 2076 2571 (cc)
2100 2526 2301 2571 marginem

231 2595 454 2630 alveolarem
481 2594 681 2631 dentatum.
707 2596 792 2641 (dd)

380 2664 574 2700 Desideres
600 2666 754 2700 fortasse
779 2667 915 2701 ossium
939 2667 1253 2701 enumerationem
1278 2676 1328 2700 ex
1350 2664 1585 2710 marginibus,
1610 2664 1741 2710 planis,
1765 2664 1928 2711 spinulis,
1954 2664 2113 2709 angulis,
2147 2669 2212 2698 etc.
2245 2675 2300 2697 se-

231 2734 317 2768 dulo
341 2740 376 2768 et
399 2734 550 2769 sollicite
574 2734 792 2781 descriptam
815 2747 917 2770 more
941 2737 1241 2781 ostcologicorum
1266 2735 1361 2769 beati
1386 2735 1554 2769 H'alterz'
1581 2733 1734 2779 vestigia
1764 2735 2076 2780 persequentium,
2108 2732 2170 2768 sed
2203 2733 2301 2780 apud

230 2803 283 2838 Te
307 2804 500 2846 offendam,
524 2804 652 2839 Lector
676 2804 863 2846 benevole,
888 2817 961 2840 non
984 2806 1140 2852 amplius
1164 2805 1331 2846 tironem,
1356 2816 1477 2851 quare,
1500 2816 1546 2838 ne
1570 2815 1714 2839 summo
1739 2804 1893 2850 capiaris
1919 2803 2051 2846 taedio,
2076 2803 2230 2839 ommisi.
2252 2823 2300 2827 —

1202 2958 1233 3006 ξ.
1287 2962 1318 2996 9.

377 3065 603 3101 Extremitas
627 3067 790 3113 superior
815 3078 896 3101 cum
922 3067 1079 3107 thorace,
1103 3076 1151 3099 ex
1175 3065 1230 3100 his
1253 3066 1453 3112 composita
1477 3070 1531 3099 est
1553 3064 1734 3111 partibus:
1785 3065 1944 3109 priunun
1966 3073 2015 3097 ex
2042 3063 2191 3110 scapula
2214 3073 2296 3097 cum

228 3141 331 3180 parte
362 3136 526 3178 sternali3
578 3136 709 3169 (lt-inde
735 3147 785 3170 ex
811 3136 973 3177 humero,
998 3137 1094 3178 ulna,
1122 3135 1243 3178 radio3
1294 3135 1450 3181 (lenique
1476 3146 1525 3169 ex
1549 3145 1671 3179 carpo,
1696 3140 1918 3180 metacarpo,
1944 3133 2195 3178 phalangibus.

376 3204 552 3252 Scapula,
585 3207 757 3250 cartilago
783 3211 836 3240 est
862 3207 972 3252 plana
995 3217 1044 3240 ex
1081 3205 1194 3240 tribus
1222 3206 1422 3252 composita
1444 3205 1689 3252 portionibus,
1724 3217 1877 3251 quarum
1914 3204 2092 3252 posterior
2127 3203 2164 3236 in
2192 3201 2295 3237 verbi

226 3285 335 3308 sensu
357 3275 543 3317 strictiore,
569 3276 728 3321 scapula,
752 3281 806 3309 cst
829 3275 1004 3321 quadrata
1029 3276 1154 3310 obtuse
1180 3275 1526 3317 sinuato-limitata3
1549 3274 1636 3308 Tab.
1660 3275 1702 3309 II.
1729 3274 1805 3321 Fig.
1834 3278 1890 3309 20.
1917 3273 2002 3317 (dd)
2025 3271 2157 3314 media,
2179 3272 2294 3318 porri-

227 3355 314 3388 gens
335 3351 503 3387 curvata;
526 3344 605 3386 (cc)
630 3350 665 3377 et.
689 3346 794 3378 tertia
820 3346 940 3390 plana,
959 3346 1043 3385 lata,
1067 3357 1147 3379 cum
1174 3345 1336 3391 margine
1358 3345 1514 3391 elliptico
1535 3344 1623 3389 (αα)
1647 3356 1669 3379 a
1694 3344 1827 3386 media,
1852 3344 1933 3378 sinu
1949 3341 2029 3386 (bb)
2052 3342 2170 3383 finita;
2200 3341 2293 3375 hanc

227 3415 383 3456 tertiam,
407 3415 623 3448 anteriorem
650 3420 802 3460 partem,
827 3415 862 3448 iu
887 3426 994 3448 sensu
1020 3415 1121 3450 verbi
1148 3415 1334 3457 strictiore,
1358 3420 1519 3449 stermun
1545 3416 1655 3461 vulgo
1680 3420 1824 3456 vocant,
1859 3423 2079 3459 quamquam
2102 3411 2169 3445 hoc
2195 3415 2292 3445 caret

228 3483 480 3519 Salamandra.
508 3483 566 3527 63)

2249 3533 2289 3566 In

380 3585 428 3626 ⁶²)
460 3586 480 3616 l.
507 3598 532 3616 c.

380 3643 429 3684 ⁶³)
467 3644 593 3676 Towwn
614 3645 633 3675 l.
653 3657 678 3676 c.
698 3656 769 3687 pag.
787 3645 836 3677 27.
876 3643 1007 3677 ..Habel
1026 3644 1084 3676 hoc
1104 3646 1243 3676 aninml‘*
1270 3644 1353 3682 dicit,
1388 3649 1547 3683 „slernum
1569 3644 1695 3679 nullum,
1724 3652 1824 3683 neque
1849 3640 2036 3675 clavia-alas,
2064 3641 2122 3671 sed
2141 3640 2291 3679 scapulas

2174 3687 2289 3725 „valde
