2574 4123
872 726 1185 825 Caput
1261 728 1673 803 tertium.

639 1137 865 1186 Historia
906 1136 1276 1189 Salamandrae
1317 1139 1577 1189 terrestris
1628 1139 1895 1189 evolutiva.

1197 1321 1229 1367 ξ.
1282 1324 1338 1359 55.

239 1392 456 1480 opusculi
481 1442 554 1466 non
579 1431 820 1479 respondeam
842 1432 1010 1475 consilio,
1043 1432 1073 1467 si
1096 1432 1333 1470 formativam
1366 1439 1402 1468 et
1427 1434 1678 1470 evolutiovam
1710 1433 1900 1469 historiam
1932 1431 2107 1467 bestiolae
2139 1430 2306 1479 persequi

232 1510 268 1538 et
294 1498 514 1547 investigare
535 1501 671 1536 vellem
695 1512 778 1536 cum
802 1507 1004 1537 ceterorum
1029 1502 1244 1538 animalium
1270 1504 1480 1539 evolutione
1494 1509 1756 1551 comparatam.
1808 1501 1891 1537 Non
1916 1502 2048 1537 sufficit
2069 1512 2153 1536 mea
2176 1500 2222 1534 de
2239 1499 2307 1534 hac

232 1585 270 1608 re
301 1572 467 1618 cognitio,
499 1582 609 1618 quam
639 1572 768 1607 merito
791 1571 886 1606 inter
914 1570 1147 1607 difficillimas
1169 1573 1280 1608 totius
1305 1572 1556 1620 physiologiae
1576 1574 1748 1608 referunt.
1773 1592 1821 1597 —-
1871 1572 1932 1607 Me
1957 1582 2123 1613 excuses,
2153 1569 2308 1605 candide

232 1644 371 1684 Lector,
397 1647 437 1676 ut
458 1640 539 1676 Tibi
561 1652 703 1688 parum,
729 1646 765 1675 et
790 1653 900 1688 quam
923 1642 1090 1676 maxime
1113 1643 1358 1679 necessarium
1384 1643 1641 1678 tantummodo
1667 1643 1882 1685 exhibeaim
1913 1647 1952 1677 at
1975 1642 2045 1677 viri
2069 1641 2204 1676 illustr:
2226 1639 2307 1675 Me-

234 1712 316 1748 ckel
332 1710 421 1747 mihi
440 1712 478 1745 in
501 1711 680 1745 memoria
702 1716 787 1745 sunt
811 1710 939 1747 verba:

479 1781 561 1823 „So
586 1779 728 1814 schez‘at
747 1779 857 1823 mz‘r,”
881 1781 943 1815 ille
965 1779 1063 1825 dicit,
1088 1782 1201 1828 „class
1225 1782 1286 1816 bei
1305 1781 1544 1827 selon-ierrgren
1565 1782 1645 1817 und
1665 1781 1769 1816 ihrer
1791 1781 1918 1817 Natnr
1943 1780 2041 1815 nack
2071 1779 2306 1827 zweffelhaf-

428 1855 522 1894 „ten
536 1849 698 1894 Dingen,
717 1849 785 1884 der
808 1848 916 1884 mehr
937 1852 1054 1893 mtht,
1070 1851 1232 1886 wele-laer
1257 1852 1415 1895 meae'nt,
1437 1851 1514 1887 sich
1536 1852 1607 1886 mit
1628 1851 1745 1886 et'nem
1768 1848 2029 1884 beschezilenen
2058 1849 2132 1884 Vie
2141 1849 2178 1883 ll
2183 1847 2312 1884 eie-lot

427 1918 604 1966 ‚‚beh17j‘t‚
628 1919 706 1954 wad
727 1918 804 1953 siclt
827 1919 1009 1964 begniigt,
1042 1920 1121 1955 eine
1146 1921 1328 1966 Memmrg
1357 1920 1666 1956 nram-sclefez’nlich
1691 1919 1873 1965 gemacht
1900 1932 1947 1954 za
1974 1919 2113 1961 haben,
2144 1919 2200 1954 als
2228 1918 2308 1961 der,

428 1988 619 2032 „welcher
653 1990 728 2034 mss
755 1989 815 2024 em
839 1990 945 2024 Pam·
970 1990 1286 2036 Beobachtungea
1308 1995 1484 2036 gestant,
1515 1991 1589 2026 alle
1616 1991 1782 2026 anderen
1802 1990 1980 2036 verwe'lft,
2009 1990 2088 2024 wzd
2115 1989 2173 2024 die
2195 1988 2307 2023 Drei-

427 2058 608 2103 „stag-‚rhed
626 2057 703 2100 leat,
726 2057 783 2092 als
803 2058 1076 2105 webezweg's'elte
1096 2060 1297 2095 Il'alcrlaeit
1317 2062 1575 2107 anfzustellen,
1591 2074 1665 2096 was
1688 2060 1783 2097 decla
1807 2074 1878 2096 nur
1905 2060 2010 2095 einen
2033 2059 2117 2094 selu·
2141 2061 2306 2107 enffern-

429 2134 520 2172 „ten
542 2127 678 2163 Schee‘n
702 2128 822 2163 daron
846 2128 948 2164 leat.’¹
973 2130 1012 2150 ¹9
1021 2128 1056 2173 1)
1081 2149 1127 2153 ——

1196 2281 1228 2325 ξ,
1281 2280 1336 2315 56.

378 2382 497 2430 Supra
515 2383 595 2428 jam
622 2380 668 2426 (ξ.
692 2382 742 2426 3.)
777 2388 919 2418 uterum
948 2383 1153 2429 gravidum,
1176 2386 1302 2420 variae
1329 2385 1548 2420 evolutionis
1571 2386 1690 2422 foetus
1713 2387 1908 2429 continere,
1941 2387 2054 2420 immo
2079 2386 2190 2422 ovula
2215 2396 2306 2420 non-

232 2453 320 2488 dum
350 2451 586 2495 foecundata,
618 2451 804 2487 adnotavi.
862 2452 903 2486 In
926 2451 1191 2487 salamandrae
1216 2453 1378 2488 foemina
1404 2453 1462 2488 die
1485 2454 1545 2488 III.
1561 2441 1742 2498 *Ianuar-ii,
1770 2457 1809 2490 in
1843 2457 1958 2491 altera
1981 2455 2146 2502 ejusdem
2168 2456 2305 2491 mensis

231 2524 289 2558 die
312 2523 427 2565 XXV,
457 2528 493 2556 ct
513 2523 552 2556 in
577 2522 684 2555 tertia
706 2521 764 2555 die
785 2522 827 2556 V.
851 2523 986 2557 mensis
1010 2522 1199 2557 Februarii
1224 2524 1380 2566 necatis,
1414 2535 1503 2570 quos
1528 2524 1566 2558 in
1591 2525 1716 2559 tabula
1741 2526 1848 2560 tertia
1872 2525 2046 2572 depinxi,
2081 2526 2299 2560 evolutionis

232 2593 366 2640 gradus
390 2592 515 2627 inveni
538 2591 621 2626 hos:
653 2590 730 2636 Fig.
760 2593 800 2624 11
833 2602 945 2627 ovum
973 2590 1137 2625 nondum
1164 2591 1425 2625 foecundatum
1450 2602 1501 2625 ex
1526 2603 1697 2639 suprema
1729 2595 1921 2629 oviductus
1951 2596 2116 2640 regione,
2150 2601 2186 2628 et
2218 2606 2305 2629 sane

231 2669 368 2700 rectam
393 2673 522 2697 censeo
548 2660 619 2697 viri
640 2660 803 2708 perdocti
823 2660 1080 2695 Grarenhorst
1098 2661 1307 2707 opinionem
1329 2660 1411 2705 192)
1437 2662 1680 2696 masculinam
1705 2663 2019 2698 fructificationem
2044 2669 2130 2697 tunc
2155 2663 2304 2698 demum

232 2735 328 2776 fieri,
367 2733 397 2768 si
422 2732 574 2767 ovulum
599 2741 650 2765 ex
674 2731 859 2777 superiore
884 2729 1077 2766 oviductus
1100 2731 1246 2776 regione
1271 2730 1310 2764 in
1333 2730 1562 2773 inferiorem,
1588 2742 1698 2777 quam
1724 2737 1866 2767 uterum
1891 2732 2033 2775 dicunt,
2066 2733 2304 2768 descenderit.

232 2804 309 2848 Fig.
335 2805 389 2837 12.
415 2802 567 2836 ovulum
596 2799 824 2834 demonstrat
849 2799 1125 2841 foecundatam,
1160 2799 1198 2833 in
1231 2811 1301 2845 quo
1336 2799 1580 2834 cicatriculam
1607 2800 1745 2836 videas.
1804 2802 1847 2837 In
1880 2802 1957 2848 Fig.
1985 2806 2038 2837 13.
2072 2815 2140 2849 ope
2173 2804 2303 2838 micro-

233 2872 344 2919 scopii
366 2870 657 2915 magnificatum,
688 2868 786 2903 idem
811 2868 995 2915 depictum
1022 2874 1075 2903 est
1101 2868 1263 2903 ovulum.
1321 2868 1499 2904 Adnotari
1532 2870 1657 2913 debet,
1689 2872 1799 2906 ovula
1828 2872 2042 2918 plerumque
2067 2873 2303 2917 triangularia

233 2943 293 2978 vel
308 2940 613 2989 quadrangularia
629 2950 718 2982 esse,
738 2951 761 2974 a
778 2939 934 2974 foetibus
947 2939 1076 2974 vicinis
1092 2938 1351 2985 prementibus,
1369 2940 1533 2974 conferas
1551 2941 1713 2987 exempli
1729 2941 1855 2986 gratia,
1871 2940 2028 2975 Taum.
2046 2941 2076 2975 F
2080 2942 2123 2987 ig.
2136 2944 2179 2976 12
2196 2948 2230 2976 et
2249 2944 2302 2977 14.

382 3011 518 3045 Foetus
544 3010 645 3053 liber,
670 3010 747 3045 sine
769 3009 929 3044 funiculo
954 3008 1163 3051 umbilicali,
1189 3008 1227 3042 in
1252 3009 1362 3045 ovulo
1388 3014 1452 3052 est,
1476 3010 1599 3045 confer
1620 3011 1731 3046 ovula
1754 3010 1832 3055 Fig.
1856 3013 1909 3045 14.
1938 3011 2015 3057 Fig.
2043 3013 2087 3046 25
2104 3025 2138 3046 a.
2162 3012 2238 3058 Fig.
2257 3013 2302 3047 26

233 3096 287 3125 (ι.,
315 3082 351 3116 111
377 3080 555 3128 positione
578 3084 742 3122 curvata,
766 3079 812 3113 ob
837 3079 1060 3114 citatriculae
1084 3078 1262 3122 formam,
1292 3090 1314 3113 a
1338 3079 1554 3114 membrana
1575 3080 1740 3115 vitellina
1765 3080 1862 3127 (Fig.
1886 3084 1928 3116 18
1945 3080 2022 3127 a.)‚
2054 3082 2240 3117 involutus
2267 3088 2304 3116 et

233 3150 486 3193 circumdatus,
508 3148 689 3196 pellucida
713 3149 802 3183 haec
827 3154 882 3184 est
907 3154 942 3183 et
966 3148 1481 3193 albugineo-membranacea.
1540 3148 1723 3192 Quantum
1749 3150 1946 3187 observare
1967 3151 2057 3187 mihi
2082 3152 2192 3194 licuit,
2206 3163 2301 3187 sem-

231 3233 296 3269 per
320 3225 428 3267 caput
451 3224 486 3253 et
510 3218 638 3261 cauda,
664 3219 752 3254 dum
777 3224 925 3253 truncus
947 3219 1073 3253 vitello
1099 3223 1177 3252 erat
1201 3219 1394 3254 immersus
1417 3219 1546 3262 adhuc,
1570 3219 1785 3255 formantur.
1829 3221 1871 3256 In
1901 3221 1978 3267 Fig.
2007 3222 2061 3256 16.
2085 3221 2301 3256 membrana

232 3290 398 3327 vitellina
421 3288 586 3331 dissecta,
609 3293 644 3322 et
663 3289 807 3334 rejecta,
827 3294 949 3335 partes
970 3288 1146 3323 formatas
1168 3289 1206 3322 in
1230 3289 1356 3324 vitello
1378 3290 1466 3325 sitas
1488 3289 1670 3333 observes,
1690 3292 1728 3326 in
1750 3290 1870 3326 medio
1888 3296 2012 3325 autem
2035 3303 2195 3338 corpore,
2219 3304 2301 3339 per-

230 3360 348 3395 multa
372 3359 535 3394 vasicula
558 3359 681 3393 tenuia
703 3359 797 3393 inter
823 3371 862 3393 sc
886 3359 1112 3405 complicata,
1146 3370 1168 3394 a
1190 3365 1293 3407 parte
1318 3358 1453 3397 dorsali
1478 3365 1620 3402 exorta,
1645 3361 1681 3395 in
1708 3361 1833 3396 vitello
1858 3362 2124 3404 evanescentia,
2154 3363 2192 3396 in
2216 3373 2300 3397 con-

231 3435 394 3478 spectum
419 3429 581 3463 veniunt.

2175 3478 2207 3526 ξ.
2240 3479 2298 3516 57.

385 3548 453 3588 ¹⁹¹)
474 3547 624 3579 Menke&
646 3546 764 3580 Archiv
785 3546 840 3585 ΠΙ,
863 3547 891 3579 1.
919 3557 990 3590 pag.
1012 3547 1061 3580 49.

384 3606 451 3646 ''¹²')
472 3608 491 3637 1.
515 3619 540 3639 c.
564 3618 635 3649 pag.
658 3606 708 3637 26.
