2574 4123
1233 357 1560 408 lssffl

232 501 307 546 Fig.
335 500 367 535 7.
397 498 453 545 (4)
482 499 612 533 iterum
647 499 922 543 conjunguntur.
972 495 1033 530 Ex
1065 505 1167 530 ramo
1199 494 1368 529 inferiore
1391 491 1446 538 (3)
1475 491 1624 528 secundi
1649 492 1761 534 rami,
1791 492 1907 526 trunci
1938 491 2133 536 anonymi,
2159 492 2289 526 iterum

230 570 351 617 prodit
371 579 494 604 ramus
522 567 600 613 Fig.
627 568 659 604 7.
683 567 737 611 (5)
766 577 814 600 ex
839 577 926 612 qun,
965 576 1048 600 cum
1079 565 1300 599 intercostali
1330 564 1466 611 primo,
1500 562 1634 597 arteria
1660 561 1848 597 subclavia
1878 561 2136 596 conformatur.
2186 562 2291 596 Rami

230 641 413 687 hucusque
444 638 718 672 commemorati
746 647 834 672 vase
863 634 1114 680 longitudinali
1144 634 1242 680 (Fig.
1269 634 1300 670 7.
1334 631 1423 678 (6).)
1462 633 1519 666 cui
1549 630 1726 667 accedunt
1761 630 1878 665 adhuc
1908 631 2040 665 ramuli
2072 631 2290 676 conjunctivi

233 711 306 756 Fig.
334 709 366 745 7.
393 708 442 752 (7.
452 706 489 752 7)
523 708 766 748 associantur,
802 705 898 740 unde
924 706 1037 740 oritur
1062 704 1194 739 arteria
1215 703 1435 751 pulmonalis
1466 701 1544 747 Fig.
1567 701 1600 738 7.
1628 699 1694 747 (8).
1744 701 1806 735 Ex
1835 711 1938 735 ramo
1968 701 2087 747 primo
2109 700 2293 747 superiore

230 780 307 826 Fig.
331 779 363 814 7.
386 776 440 824 (1)
469 776 517 812 ad
537 777 720 812 musculos
743 776 919 821 linguales
941 773 1154 809 decurrente
1177 775 1341 808 exoritur
1371 782 1495 807 ramus
1527 771 1605 817 Fig.
1631 771 1664 807 7.
1699 770 1772 816 (9),
1804 771 1863 817 qui
1892 770 2024 805 iterum
2049 771 2153 806 vario
2182 770 2292 805 modo

230 848 415 885 dividitur.
442 867 488 872 *-
538 846 605 882 His
624 846 796 881 musculis
819 845 977 891 rejectis,
1012 855 1165 890 quorum
1196 855 1293 878 nunc
1323 842 1547 877 mentionem
1580 841 1750 883 fecimus,
1779 851 1970 883 vasorum,
1999 840 2067 875 hoc
2096 840 2207 875 modo
2238 845 2293 875 est

230 919 411 954 decursus.
462 918 569 953 Rami
591 917 657 952 sub
680 915 746 951 No.
773 919 786 950 1
817 920 853 950 et
878 918 910 950 2.
935 914 1137 961 significati,
1161 914 1315 956 ramulo,
1339 912 1405 947 sub
1431 910 1498 947 No.
1526 913 1558 945 4.
1585 910 1785 956 designato,
1808 916 2079 952 connectuntur,
2103 910 2292 957 paulultun

231 995 350 1032 antea,
381 989 589 1036 priusquam
615 987 653 1021 in
678 997 791 1020 unum
814 987 1015 1027 confluunt,
1044 995 1168 1019 ramus
1192 983 1314 1032 prodit
1335 982 1382 1018 ad
1407 981 1602 1017 maxillam
1624 980 1833 1015 inferiorem
1855 980 1887 1015 F
1890 980 1933 1025 ig.
1960 983 1992 1014 8.
2015 978 2106 1025 (10).
2156 980 2293 1014 Ramus

230 1065 370 1102 autem,
400 1069 506 1105 quem
531 1057 678 1091 tertium
702 1057 741 1090 in
771 1056 801 1090 F
802 1056 847 1101 ig.
872 1054 904 1091 7.
936 1055 1224 1102 appellavimus,
1259 1053 1307 1088 ad
1331 1052 1515 1087 musculos
1539 1050 1702 1086 dorsales
1727 1056 1763 1084 et
1785 1055 1915 1093 cutem,
1941 1061 2050 1097 super
2074 1050 2293 1095 cartilaginis

229 1130 396 1164 sternalis
419 1128 539 1163 sinum
564 1125 653 1161 Tab.
676 1126 718 1160 Π.
743 1125 820 1171 Fig.
846 1128 902 1159 20.
928 1124 997 1169 (b),
1021 1124 1187 1158 decurrit.

377 1197 481 1232 Vasis
504 1196 796 1231 commemoratis
821 1196 859 1229 in
884 1206 998 1229 unum
1023 1194 1300 1236 confluentibus,
1332 1192 1418 1227 inde
1443 1192 1624 1237 utrimque
1653 1200 1757 1224 arcus
1783 1190 1894 1224 oritur
1916 1190 2129 1224 vasculosus
2156 1188 2187 1223 F
2189 1188 2233 1234 ig.
2261 1191 2293 1222 8.

230 1267 326 1313 (11),
357 1267 416 1314 qui
446 1267 627 1312 utrimque.
659 1272 801 1300 aortam
834 1263 1116 1300 descendentem
1140 1270 1379 1311 componunt,
1408 1263 1485 1308 Fig.
1510 1264 1542 1296 8.
1566 1259 1645 1307 (12)
1670 1259 1769 1295 uude
1793 1259 1925 1294 ramuli
1947 1259 2207 1300 intercostales,
2236 1270 2293 1292 co-

230 1344 367 1372 starum
393 1347 545 1371 numero
569 1335 840 1383 respondentes,
873 1335 1048 1380 originem
1072 1339 1230 1368 sumunt.

376 1407 418 1441 In
440 1407 610 1440 columna
635 1404 830 1440 vertebrali
852 1402 1039 1437 descendit
1062 1407 1177 1444 aorta,
1208 1401 1255 1436 ad
1280 1402 1521 1437 ventriculum
1544 1399 1632 1435 Tab.
1655 1400 1698 1434 ΙΙ.
1730 1397 1808 1444 Fig.
1832 1401 1878 1440 8.,
1905 1397 1953 1432 ad
1973 1398 2222 1445 peritonaeum
2248 1396 2296 1431 ad

230 1477 361 1511 lienem
390 1476 530 1510 emittet
551 1475 712 1509 ramulos
736 1479 770 1507 et
794 1472 842 1508 ad
867 1472 1144 1515 mesenterium;
1171 1473 1325 1506 arteriae
1352 1476 1474 1505 autem
1498 1470 1687 1509 coeliacae,
1713 1469 1897 1510 decursus,
1913 1480 1935 1502 a
1960 1474 2161 1502 ceterorum
2187 1467 2295 1514 repti-

230 1547 317 1581 lium
342 1557 488 1593 prorsus
511 1544 679 1579 abhorret
701 1549 807 1588 typ03
831 1548 978 1577 truncus
1003 1541 1176 1576 nimirum
1202 1547 1257 1576 est
1281 1552 1430 1589 parvus,
1444 1551 1493 1574 ex
1517 1551 1588 1586 quo
1613 1537 1942 1585 gastro-epiploica
1968 1538 2112 1572 sinistra
2137 1538 2295 1584 primum

229 1617 353 1658 oritur,
379 1616 479 1661 eujus
502 1614 634 1648 raumli
658 1613 706 1648 ad
729 1613 861 1646 lienem
887 1611 1171 1659 protenduntur,
1206 1611 1338 1645 deinde
1363 1610 1516 1646 vasiculi
1542 1621 1637 1643 nuuc
1661 1607 1936 1643 commemorati
1960 1607 2181 1641 continuatio
2207 1618 2296 1654 pan-

228 1684 598 1732 ereatico-hepatica‚
624 1683 671 1718 ad
696 1683 837 1730 hepatis
863 1693 994 1728 nempe
1017 1681 1141 1717 lobum
1166 1682 1374 1716 inferiorem
1400 1680 1546 1720 transit,
1575 1678 1663 1712 Tab.
1689 1678 1732 1712 11.
1760 1677 1836 1722 Fig.
1863 1681 1895 1711 8.
1919 1677 1983 1722 (g)
2013 1676 2089 1722 Fig.
2115 1678 2146 1711 5.
2172 1675 2233 1720 (k)
2261 1683 2297 1710 et

229 1756 265 1788 in
289 1755 459 1788 inferiore
481 1753 622 1800 hepatis
644 1753 756 1787 latere
782 1752 985 1795 evanescit3
1011 1750 1144 1786 deiude
1167 1757 1290 1786 autem
1315 1751 1352 1784 in
1374 1749 1531 1791 sinistro,
1554 1748 1752 1795 superficiei
1770 1747 1971 1789 anterioris,
1993 1745 2040 1781 ad
2064 1751 2296 1793 conspectum

230 1825 359 1858 iterum
384 1824 563 1870 provenit.
586 1841 633 1845 —
683 1822 821 1855 Hamus
845 1826 968 1855 autem
993 1821 1173 1855 coeliacae
1198 1821 1342 1862 tertius,
1372 1825 1427 1854 est
1452 1815 1708 1859 mesmiterica',
1740 1816 1841 1861 cujus
1868 1816 1906 1850 in
1936 1816 2152 1850 mesenterio
2178 1815 2297 1850 distri-

230 1894 414 1929 butionem
438 1892 526 1927 Tab.
549 1892 592 1926 ΙΙ,
618 1891 695 1936 Fig.
719 1895 751 1926 5.
777 1890 959 1938 depictam
982 1888 1122 1925 videas.
1173 1888 1234 1924 Ex
1259 1889 1326 1923 hac
1352 1890 1484 1935 itaque,
1514 1898 1623 1933 quam
1647 1897 1742 1920 nuuc
1767 1884 1946 1927 dedimus,
1970 1883 2221 1932 descriptione,
2242 1885 2297 1920 vi-

230 1964 335 2005 deas,
373 1963 542 1997 arteriam
575 1960 1057 2008 pancreatico-hepaticam‚
1101 1966 1136 1994 et
1167 1958 1534 2006 gastro-epiploicam
1571 1957 1754 1991 sinistram
1788 1965 1902 1989 unum
1933 1964 2011 1988 esse
2041 1952 2297 1988 tantummodo

230 2043 308 2075 vas,
334 2037 369 2067 et
391 2031 667 2068 mesentericam
690 2028 774 2063 inde
799 2030 874 2063 fere
900 2030 1093 2064 ramulum.
1145 2029 1296 2064 Prorsus
1320 2029 1440 2063 aliena
1463 2028 1500 2062 in
1527 2027 1653 2061 ceteris
1678 2024 1865 2072 reptilibus
1890 2023 1980 2058 haec
2006 2029 2061 2058 est
2083 2023 2230 2057 fabrica.
2250 2042 2298 2047 —-

377 2088 443 2138 Est
466 2101 637 2136 nimirum
662 2100 699 2134 in
728 2098 919 2134 crocodilo
943 2099 1076 2133 arteria
1102 2098 1260 2132 coeliaca
1285 2109 1307 2132 a
1333 2097 1570 2133 mesenterica
1593 2095 1778 2141 superiore
1800 2094 1907 2137 longe
1933 2097 2072 2134 amota;
2102 2092 2140 2126 in
2169 2091 2297 2126 Lacer⁴

230 2173 275 2208 tis
298 2178 420 2207 autem
443 2172 575 2206 arteria
594 2170 762 2217 hepatica
785 2180 807 2204 a
829 2169 1087 2212 mesenterica,
1121 2173 1268 2203 truncus
1294 2167 1504 2213 singularis3
1534 2166 1571 2199 in
1603 2163 1830 2212 serpentibus
1856 2168 1996 2205 autem,
2027 2162 2160 2196 arteria
2187 2161 2297 2209 hepa-

230 2243 300 2277 tica
323 2248 358 2276 et
381 2241 572 2278 ventriculi
600 2244 809 2285 segregatae
830 2239 908 2285 jam
934 2249 985 2273 ex
1011 2244 1114 2273 aorta
1136 2238 1301 2280 veniunt,
1325 2243 1361 2271 et
1385 2243 1457 2271 tres
1483 2241 1566 2270 sunt
1594 2235 1748 2269 arteriae
1773 2232 2043 2268 mesentericae.
2062 2229 2122 2277 9³)

378 2311 557 2354 Renibus,
582 2310 744 2345 ramulos
778 2310 895 2344 defert
919 2315 1021 2343 aorta
1044 2307 1287 2350 descendeus,
1316 2313 1351 2341 et
1377 2307 1452 2341 fere
1475 2311 1560 2340 ante
1582 2316 1712 2340 renum
1736 2304 1884 2343 bulbos,
1910 2301 2143 2338 ischiadicam
2168 2302 2298 2336 emittit

229 2382 399 2417 arteriam
429 2382 621 2427 utrimque,
642 2379 731 2413 Tab.
756 2379 817 2413 III.
851 2379 927 2423 Fig.
955 2377 985 2413 7.
1015 2378 1089 2422 (14.
1116 2378 1175 2419 14)
1215 2376 1348 2410 deinde
1383 2382 1506 2410 autem
1544 2375 1582 2410 in
1622 2375 1767 2409 iliacam
1804 2372 1996 2414 dividitur,
2042 2372 2225 2406 sinistram
2264 2377 2299 2405 et

229 2452 412 2494 dextram,
434 2450 511 2496 Fig.
538 2449 570 2486 7.
594 2447 756 2495 <15.15)‚
779 2459 829 2482 ex
853 2458 1005 2494 quarum
1029 2446 1267 2481 bifurcatione
1289 2445 1422 2480 arteria
1445 2442 1704 2479 sacra-media
1725 2442 1847 2490 prodit
1868 2442 1946 2488 Fig.
1973 2443 2005 2476 7.
2030 2440 2044 2486 (
2051 2442 2102 2476 16.
2124 2439 2182 2485 16)
2206 2447 2241 2475 et
2262 2441 2298 2475 in

229 2520 366 2556 caudae
388 2522 501 2555 latere
522 2520 664 2553 interno
687 2530 725 2552 se
751 2517 940 2563 expandit.

374 2590 417 2624 In
442 2588 608 2631 brachiis,
639 2586 850 2629 brat-bimis,
880 2591 1055 2632 quantum
1080 2585 1155 2619 fieri
1181 2588 1334 2631 poterat,
1359 2587 1538 2621 accurate,
1569 2586 1807 2627 persequutus
1836 2592 1916 2614 sum
1943 2580 2154 2622 decursum,
2187 2580 2299 2613 immo

229 2663 477 2702 interosseam,
502 2664 538 2693 et
562 2669 666 2693 arcus
689 2667 820 2692 manus
837 2667 946 2704 quam
972 2655 1226 2690 subtilissimos
1241 2652 1329 2688 vidi.
1380 2651 1482 2686 Idem
1506 2662 1647 2698 quoque
1670 2650 1717 2685 de
1740 2649 1909 2684 inferiore
1930 2649 2030 2685 valet
2054 2648 2297 2683 extremitate.

1192 2815 1223 2862 ᾗ.
1275 2817 1332 2849 32.

381 2925 554 2961 Omnium
586 2924 662 2958 fere
691 2928 878 2965 autorum,
908 2928 1084 2970 quantum
1114 2926 1340 2969 compertum
1365 2919 1499 2961 habeo,
1531 2917 1730 2952 hafniensis
1758 2917 1992 2964 physiologus
2015 2915 2202 2952 Jacobson
2222 2917 2298 2952 fere

232 3003 286 3032 est
310 2997 447 3038 unicus,
463 2995 524 3042 qui
550 2993 595 3028 de
621 3003 800 3029 venarum
823 2993 1077 3040 inAmphibiis
1101 2991 1267 3033 decursu,
1283 2989 1557 3025 observationes
1582 2988 1769 3022 instituere
1794 2993 1848 3022 est
1873 2985 2106 3031 conatus.⁹⁴)
2156 2987 2298 3027 Etr-ata,

231 3077 451 3114 quamquam
477 3064 654 3099 nonnulla
680 3069 775 3106 sunt,
797 3064 834 3097 in
859 3064 936 3109 ejus
959 3061 1284 3104 observationibus,
1311 3071 1428 3107 neque
1450 3059 1570 3093 minus
1595 3063 1731 3100 tamen,
1754 3068 1897 3091 summo
1921 3057 1952 3091 ei
1976 3061 2061 3091 sunt
2082 3056 2221 3091 honori.
2249 3076 2297 3080 ——

380 3134 507 3170 Omnis
529 3134 676 3180 sanguis
698 3133 878 3168 inferioris
904 3133 1165 3175 extremitatis,
1199 3143 1264 3179 per
1285 3141 1421 3166 venam
1443 3129 1587 3163 iliacam
1618 3126 1706 3162 Tab.
1730 3127 1790 3162 111.
1814 3127 1845 3162 F
1846 3128 1890 3173 ig.
1915 3126 1948 3163 7.
1971 3125 2070 3172 (aa),
2099 3127 2137 3161 in
2161 3136 2296 3161 venam

231 3205 412 3247 renalmn,
443 3215 553 3251 quam
583 3203 745 3238 mediam
778 3202 1031 3246 denominavi,
1063 3203 1198 3245 influit,
1229 3201 1307 3246 Fig.
1332 3199 1364 3235 7.
1389 3198 1493 3244 (cc),
1525 3203 1561 3232 et
1584 3198 1788 3245 permultae
1815 3209 1944 3232 renum
1973 3197 2131 3233 venulae
2161 3195 2238 3241 Fig.
2263 3196 2294 3231 7.

232 3273 375 3319 (bbbb)
401 3275 439 3309 in
460 3274 607 3308 unicam
630 3274 822 3320 utrimque,
845 3284 955 3319 quam
981 3273 1142 3308 renalem
1166 3271 1365 3313 lateralem,
1384 3275 1420 3303 et
1445 3269 1639 3303 dexteram
1665 3273 1701 3302 et
1723 3268 1907 3303 sinistram
1930 3266 2140 3312 significavi,
2167 3265 2244 3311 Fig.
2263 3266 2295 3302 7.

232 3342 338 3389 (dd)
362 3344 555 3379 confluunt.
605 3342 647 3377 In
674 3354 804 3378 renum
834 3344 997 3388 margine
1022 3348 1195 3385 externo,
1223 3342 1313 3376 sitae
1336 3346 1421 3376 sunt
1443 3344 1561 3374 'venae
1586 3340 1766 3381 laterales,
1790 3339 1828 3372 in
1851 3348 1940 3384 quas
1965 3337 2094 3370 transit
2116 3347 2295 3370 venarum

231 3413 569 3462 hypogastricarum
593 3413 624 3448 F
626 3414 671 3459 ig.
697 3412 730 3449 7.
755 3412 867 3458 (ee),
890 3413 1164 3448 ischiadicarum
1190 3412 1266 3457 Fig.
1291 3411 1323 3448 7.
1347 3410 1436 3458 (ff)
1461 3409 1757 3457 epigastricarum
1786 3407 1862 3452 Fig.
1888 3406 1919 3443 7.
1942 3404 2032 3451 (gg)
2053 3406 2294 3445 ramulorum-

385 3535 433 3575 Ἢ)
455 3533 585 3565 ᾹῙεεΙςρί
605 3534 728 3565 Hdbeh.
754 3535 782 3565 d.
804 3542 833 3575 p.
855 3534 894 3565 A.
917 3533 940 3564 Ι.
966 3535 992 3564 1.
1016 3546 1087 3576 pag.
1111 3534 1178 3564 121.

386 3593 436 3635 ⁹⁴)
452 3592 557 3624 Ueber
587 3595 656 3624 eine
686 3593 831 3634 wiehtige
854 3593 1008 3624 Function
1038 3594 1092 3623 der
1114 3592 1246 3628 venen,
1277 3591 1322 3622 als
1348 3590 1476 3632 Beitrag
1504 3601 1560 3622 zur
1583 3586 1771 3620 Geschiehte
1801 3585 1904 3618 dieser
1932 3585 2061 3617 Gefasse
2088 3595 2148 3615 von
2182 3582 2291 3614 Lndw.

531 3641 699 3673 Jmsobson.
743 3641 778 3673 In
800 3641 942 3673 stleckels
964 3642 1080 3673 Archiv
1104 3640 1175 3677 III.,
1200 3641 1226 3670 1.
1248 3651 1319 3681 pag.
1342 3639 1410 3674 147.
