2574 4123
1265 368 1331 420 28

253 519 343 544 vasa
373 508 594 555 lymphatica
628 519 738 555 quum
764 508 834 542 lien
861 506 1012 548 habeam
1034 506 1175 540 tertio
1201 506 1238 539 in
1264 511 1441 540 structura
1468 504 1662 551 glandulae
1689 506 1934 552 lymphaticae
1962 506 2162 543 admodum
2186 508 2313 543 similis

253 579 314 619 sit;
339 589 359 624 q
370 583 521 619 uart03
547 588 658 623 quum
683 587 732 611 ex
753 576 993 610 Tt‘edemanm'
1011 575 1335 617 observationibus,
1361 576 1398 608 in
1423 574 1603 609 testudine
1618 575 1790 610 institutis
1811 587 1902 611 vasa
1929 577 2152 624 lymphatica
2177 582 2312 612 tractus

255 647 467 683 intestinalis
498 647 621 681 omnia
648 646 695 681 ad
725 647 846 680 lienen
879 651 1083 687 transeant,
1113 650 1148 678 et
1176 656 1259 679 cum
1283 645 1388 679 venis
1418 655 1457 678 se
1488 644 1690 691 implicent;
1718 645 1886 690 quinto,
1919 646 2124 681 auctoribus
2161 646 2313 688 Gmelz'n,

255 716 420 758 Hewson,
440 717 664 751 Te'edemann
682 716 786 750 lienis
801 714 996 760 glandulae
1018 714 1263 761 lymphaticae
1279 713 1471 748 humorem
1494 713 1746 756 rubicundum,
1760 714 1931 760 perfacile
1948 717 2151 762 coagulum,
2166 727 2189 750 a
2208 715 2314 760 chylo

252 792 288 820 et
309 787 483 831 sanguine
508 785 694 820 diversum
722 785 948 826 contineant;
975 790 1119 826 sexto,
1134 795 1244 829 quum
1270 784 1401 829 egregii
1426 783 1496 818 viri
1514 782 1696 827 Brmzdes,
1709 784 1887 827 Emmert,
1900 786 2057 829 Mercet,
2071 786 2199 832 Reuss,
2219 785 2313 820 Vau-

251 855 371 902 qaelt'n
394 854 540 899 chylum
564 865 614 888 ex
640 854 749 889 ductu
772 853 953 888 thoracico
978 853 1223 900 desumptum,
1245 854 1404 888 colorem
1430 852 1563 887 habere
1586 852 1746 896 rubrum,
1773 859 1809 887 et
1833 854 1999 900 perfacile
2020 856 2057 889 in
2080 857 2164 890 aere
2185 866 2314 901 coagu-

252 925 328 968 lari,
354 923 695 965 animadverterint3
718 923 914 969 septimo
943 923 1042 958 idem
1071 923 1141 958 viri
1166 934 1277 969 quum
1302 923 1590 965 observaverint,
1617 921 1775 966 chylum‚
1806 931 2001 971 antequam
2032 936 2096 972 per
2124 924 2315 970 glandulas

250 996 465 1029 meseraicas
496 993 696 1036 transierit,
733 992 857 1027 album
880 992 1004 1035 fuisse,
1034 993 1180 1038 aerique
1206 993 1415 1040 expositum
1447 992 1516 1027 vix
1541 992 1772 1037 coagulatum
1796 1004 1890 1035 esse;
1932 1006 1997 1041 per
2026 994 2218 1039 glandulas
2239 1005 2315 1028 me-

250 1064 405 1099 seraicas
428 1069 551 1097 contra
576 1062 855 1108 transgressum,
883 1062 1176 1097 rubicundiorem
1200 1063 1388 1108 magisque
1420 1062 1610 1106 coagulum
1634 1061 1818 1097 redditum
1843 1063 1967 1107 suisse;
1998 1063 2084 1098 inde
2111 1074 2192 1098 cum
2223 1069 2315 1098 cete-

250 1134 308 1176 ris,
331 1144 484 1179 quorum
507 1133 728 1170 mentionem
748 1133 909 1173 fecimus,
931 1132 1165 1178 argumentis,
1193 1132 1323 1167 elucet:
1351 1132 1514 1166 lienem
1544 1137 1584 1165 et
1615 1131 1865 1176 glandulas
1895 1135 2178 1168 meseraicas
2213 1132 2313 1177 chy-

250 1204 336 1238 lum
366 1204 408 1237 in
438 1203 703 1247 sanguinem
736 1206 1007 1249 permutare.

1210 1365 1240 1410 ξ
1294 1368 1349 1401 49.

395 1471 573 1506 Pancreas
599 1482 728 1519 corpus
760 1471 967 1516 irregulare,
994 1470 1165 1511 albicans,
1194 1471 1230 1504 in
1267 1470 1425 1505 duodeni
1455 1477 1651 1506 curvatura
1680 1472 1788 1506 situm
1821 1471 1910 1507 Tab.
1940 1473 1983 1507 Π.
2010 1472 2086 1518 Fig.
2117 1476 2138 1507 8
2173 1472 2233 1518 (h)
2266 1484 2316 1509 ex

246 1541 357 1576 acinis
383 1542 635 1588 compositum,
667 1552 757 1576 vase
783 1551 927 1585 magno,
956 1541 1088 1575 arteria
1113 1541 1286 1575 nimirum
1311 1541 1734 1588 pancreatico-hcpatica
1759 1541 2001 1585 dimidiatmn‚
2030 1543 2186 1577 eandem
2204 1546 2255 1577 ‘ut
2278 1544 2316 1577 in

246 1611 414 1645 omnibus
437 1612 564 1645 ceteris
587 1611 804 1645 animalibus
829 1615 1022 1657 pancreate
1047 1610 1240 1653 instructis,
1266 1610 1489 1646 functionem
1512 1610 1632 1653 habet,
1654 1613 1705 1647 ita
1730 1618 1769 1646 ut
1792 1623 2104 1658 supervacaneum
2130 1618 2236 1655 esset,
2261 1614 2315 1648 sin

245 1681 361 1725 magis
383 1680 501 1716 adhuc
527 1679 662 1714 addere
684 1680 829 1715 vellem.
857 1701 902 1705 -

1207 1784 1238 1830 ξ.
1290 1787 1346 1820 50.

397 1890 628 1926 individuam
652 1890 985 1938 reproductionem,
1016 1901 1125 1937 quam
1148 1890 1419 1925 assimilationis
1447 1892 1580 1926 scimus
1605 1891 1789 1934 effectum,
1820 1892 1985 1927 sexualis
2014 1894 2203 1929 matricem
2227 1906 2318 1936 esse,

245 1960 332 1994 satis
358 1966 516 2002 constat,
550 1972 659 2006 quam
688 1960 734 1995 ob
759 1972 836 1995 rem
869 1960 957 1994 haec
988 1960 1065 1994 sine
1095 1961 1158 1994 illa
1181 1960 1331 1994 minime
1355 1967 1410 1995 est
1432 1961 1666 2006 intelligenda
1692 1968 1727 1995 et
1751 1961 2104 2009 comprehendenda,
2128 1964 2316 2008 ingeniosa

244 2028 445 2064 admodum
468 2035 523 2064 est
546 2030 653 2075 igitur
674 2030 768 2063 inter
789 2035 1000 2074 utramque,
1031 2041 1054 2063 a
1077 2030 1157 2064 viro
1181 2029 1290 2063 celeb.
1315 2029 1435 2075 Joerg
1454 2032 1535 2073 ¹⁵⁶)
1569 2032 1665 2066 facta
1688 2033 1922 2078 comparatio.
1973 2032 2015 2066 In
2041 2044 2111 2078 quo
2137 2032 2318 2075 videmus,

244 2099 367 2135 omnia
389 2104 591 2144 systemata
623 2107 673 2133 ex
698 2099 841 2132 interna
864 2099 943 2143 lege
967 2109 1046 2133 csse
1069 2098 1247 2132 associata
1279 2104 1314 2131 et
1339 2109 1389 2132 ex
1412 2110 1485 2133 uno
1512 2101 1713 2142 schemate,
1745 2106 1785 2134 ut
1806 2101 1857 2134 ita
1880 2101 1999 2135 dicam
2021 2101 2201 2146 gradatim
2230 2112 2315 2135 evo-

245 2169 330 2203 luta.
381 2169 465 2204 Duo
497 2174 620 2204 autem
648 2180 760 2216 quum
792 2168 865 2203 sint
895 2178 1025 2209 sexus,
1055 2172 1176 2215 partes
1213 2168 1387 2212 genitales
1414 2169 1636 2204 masculinas
1666 2174 1702 2203 et
1730 2169 1947 2204 soemininas
1979 2170 2182 2206 discernere
2209 2170 2317 2205 debe-

244 2250 336 2281 mus,
366 2238 411 2273 de
437 2239 565 2285 quibus
588 2239 737 2283 singulis
759 2248 918 2283 agemus.

543 2341 647 2373 Versa
668 2344 736 2373 vice
759 2343 872 2383 igitur,
903 2341 1123 2378 nutritionem,
1152 2340 1386 2372 assimilationis
1406 2342 1569 2378 effectum,
1597 2343 1834 2383 generationem
1859 2344 2021 2373 nominare
2043 2341 2226 2382 possumus,
2254 2353 2318 2374 una

393 2407 462 2427 cum
485 2398 554 2427 viro
578 2397 626 2426 sui
653 2397 801 2437 temporis
832 2394 1098 2425 excellentissimo
1125 2393 1297 2424 Char-leton
1328 2396 1395 2436 qui:
1429 2399 1699 2431 „nutritionem,”
1732 2396 1830 2433 dixit,
1860 2396 1969 2431 „nibil
1985 2408 2102 2428 revera
2125 2397 2216 2427 aliud
2237 2408 2316 2431 esse,

393 2460 505 2491 ..qnam
529 2452 717 2484 continuam.
736 2450 772 2480 id
791 2454 839 2480 est
858 2448 990 2488 singulis
1010 2450 1170 2477 momentis·
1189 2452 1376 2478 renovatam
1396 2452 1669 2490 generalz'onem.⁷'
1712 2448 1775 2489 (De
1796 2452 1965 2482 nutritione
1987 2450 2166 2482 animalium
2189 2458 2316 2482 auctore

393 2505 532 2534 Antonio
553 2503 741 2544 Demingt'o.
785 2503 967 2544 Groningae
992 2501 1082 2532 1660.
1116 2502 1197 2532 1010.
1221 2513 1293 2543 pag.
1316 2503 1356 2541 1.)

1251 2710 1313 2745 IV.

892 2795 1108 2837 ›Sys-lema
1134 2794 1347 2839 partium.
1379 2793 1670 2836 genitalium.

1210 2921 1241 2968 s.
1277 2924 1334 2957 51.

395 3032 450 3066 Ad
477 3031 696 3066 masculinas
722 3035 842 3077 partes
867 3030 1042 3075 genitales
1067 3039 1319 3071 numeramus,
1351 3030 1553 3071 testiculos,
1590 3040 1682 3064 vasa
1711 3029 1908 3064 deferentia
1940 3042 2021 3065 cum
2051 3029 2310 3077 appendicibus

245 3101 486 3148 glandulosis,
518 3112 649 3148 penem
682 3101 732 3134 sic
765 3099 901 3134 dictum
936 3099 1114 3141 diw'sum,
1149 3104 1184 3133 et
1212 3098 1403 3144 glandulas
1433 3099 1504 3133 ani.
1555 3098 1622 3134 Siti
1646 3105 1730 3134 sunt
1757 3101 1911 3134 testiculi
1936 3101 1973 3135 in
1999 3101 2168 3135 columna
2192 3106 2314 3135 verte-·

246 3173 336 3206 brali
360 3172 549 3217 utrimque,
574 3169 818 3217 pulmonibus,
843 3170 948 3211 liene,
971 3168 1114 3216 hepate,
1142 3169 1362 3211 ventriculo,
1393 3174 1580 3215 tractuque
1606 3170 1803 3204 intestinali
1829 3170 1961 3205 obtecti
1991 3170 2078 3204 Tab.
2103 3170 2147 3203 Π.
2174 3169 2206 3204 F
2207 3171 2252 3216 ig.
2277 3174 2309 3205 8.

245 3243 330 3287 (ff)
358 3241 389 3275 F
393 3241 434 3286 ig.
462 3243 516 3275 12.
539 3239 562 3281 (
563 3252 638 3274 3333
640 3241 672 3283 ).
724 3237 886 3280 Quatuor
910 3239 1138 3285 plertunque,
1166 3249 1236 3273 sex
1261 3238 1405 3284 saepius
1427 3244 1528 3281 sunt,
1560 3239 1656 3284 quod
1681 3251 1825 3274 summa
1848 3240 2046 3274 attentione
2071 3238 2221 3284 dignum
2245 3247 2310 3281 est,

246 3321 357 3357 quum
381 3310 625 3345 testiculorum
649 3309 767 3353 major
791 3319 982 3350 numerus,
1017 3309 1201 3342 cerebrum
1232 3314 1268 3342 et
1291 3314 1452 3353 systema
1480 3319 1677 3343 nervosum
1702 3310 1849 3344 omnino
1883 3309 2120 3350 diminutum,
2152 3315 2187 3343 et
2211 3310 2309 3344 haud

248 3381 434 3414 excultum
459 3379 642 3423 significet.
693 3377 818 3424 Neque
851 3378 970 3412 minus
1004 3390 1085 3413 cum
1109 3378 1326 3413 animalibus
1349 3378 1595 3420 inferioribus,
1629 3380 1814 3414 vermibus
1836 3377 1935 3412 rubri
1958 3378 2154 3423 sanguinis,
2185 3380 2308 3425 impri-

247 3451 315 3484 mis
343 3449 445 3484 adest
469 3448 677 3486 similitudo,
691 3449 747 3482 cui
771 3448 866 3482 enim
893 3459 966 3482 non
989 3450 1024 3483 in
1051 3454 1210 3483 mentem
1235 3449 1388 3483 veniunt
1414 3447 1600 3483 lIirudinis
1624 3449 1776 3484 testiculi
1803 3447 1931 3482 eodem
1958 3447 2067 3482 modo
2090 3447 2253 3483 fabricati
2273 3454 2308 3482 et

2223 3529 2306 3551 0011-

397 3622 463 3661 ’·’“”)
488 3622 609 3652 lIdbcb.
632 3623 660 3651 d.
686 3622 918 3652 Geburtsbiilfe.
957 3623 1090 3664 Leipzig
1116 3623 1204 3653 1820.
1229 3622 1305 3661 §.35
1331 3628 1388 3653 etc.
1407 3640 1446 3645 -
1466 3621 1593 3653 Confer.
1611 3628 1747 3652 ceterum
1769 3621 1869 3653 adhuc
1884 3620 2008 3653 Sle'ebel
2027 3623 2059 3653 iu
2075 3620 2225 3653 Meckel’s
2247 3620 2306 3652 Ar-

541 3670 609 3700 chiv
632 3669 669 3700 Π.
693 3682 763 3711 pag.
789 3671 856 3701 559.
