2574 4123
1278 360 1311 413 3
1382 386 1574 399 m

1976 439 1995 453 R

265 501 423 547 chet23)
454 502 500 537 de
522 500 684 547 ejusdem
715 501 847 535 sceleto
878 499 1045 534 celeberr.
1074 498 1298 533 Tiedemann
1319 496 1377 541 ²⁴)
1402 497 1517 531 obiter
1539 497 1715 531 nonnulla
1740 498 2052 539 commemoravit,
2079 501 2116 530 et
2139 496 2185 531 de
2207 503 2322 543 syste-

264 577 363 606 mate
384 572 575 607 vasculoso
597 570 788 617 perillustr.
828 568 975 604 Meet-ec
987 566 1046 612 ²⁵)
1069 573 1105 602 et
1125 568 1183 603 vir
1204 566 1396 614 perdoctus
1418 564 1673 611 Jacobsonw)
1697 566 1881 611 ingeniose
1897 572 2055 611 egerunt.
2092 565 2194 602 Haec
2207 573 2242 601 et
2260 567 2324 601 illa
2370 557 2374 559 λ

266 652 316 675 ex
346 642 530 676 anatomia
551 640 735 682 bestiolae,
769 640 866 686 legas
894 639 931 673 in
955 639 1102 683 egregiis
1125 637 1292 684 operibus
1326 636 1640 670 celeberrimorum
1670 636 1832 671 virorum
1862 635 2084 670 Treriranus
2102 634 2161 680 ²7)
2194 641 2230 669 et
2256 637 2324 671 Ca-

265 724 339 745 rns.
358 711 397 732 23
424 708 482 755 ²9)
537 709 639 744 Idem
669 721 808 756 quoque
837 708 882 742 de
908 707 1171 742 Salamandrae
1203 711 1319 741 tractu
1348 706 1545 741 intestinali
1574 704 1780 741 evolvendo
1803 705 1944 752 scripsit
1974 710 2010 739 et
2043 706 2100 740 vir
2132 704 2324 752 perdoctus

267 778 413 814 Ratlike
433 780 473 802 ³0
492 776 550 824 ³¹)
582 778 627 813 de
653 789 843 827 corporum
870 777 1103 824 adiposorum
1132 777 1313 811 luteorum
1343 776 1551 811 evolutione
1584 780 1649 810 etc.
1700 774 1763 809 vir
1792 774 1985 821 perdoctus
2017 774 2059 809 B.
2082 774 2247 810 [Uerrem
2267 773 2325 818 ³²)

266 860 313 883 ne
337 849 432 884 hunc
454 849 670 892 ommittam,
692 847 924 893 systematice
949 846 995 881 de
1020 845 1262 881 Salamandra
1285 845 1368 891 agit.

1239 1007 1270 1054 ξ.
1311 1012 1343 1042 3.

410 1116 468 1150 De
490 1115 558 1150 hac
583 1115 736 1150 bestiola
767 1115 901 1150 addere
924 1115 1201 1162 praecipuorum
1222 1115 1539 1160 systematicorum
1564 1113 1768 1159 diagnoses,
1795 1113 2039 1147 necessarium
2063 1111 2152 1146 mihi
2173 1109 2328 1146 videtur.

270 1185 454 1220 Ciceronis
475 1185 646 1220 nimirum
669 1185 852 1220 satisfacio
876 1186 1036 1227 consilio,
1059 1196 1119 1219 me
1142 1185 1230 1218 satis
1253 1189 1438 1218 accurrate
1464 1189 1499 1217 et
1522 1182 1688 1218 distincte
1711 1194 1860 1218 noscere
1885 1181 2028 1223 debere,
2042 1180 2088 1216 de
2111 1191 2182 1227 qua
2207 1179 2327 1214 dicere

266 1255 397 1297 velim,
433 1267 530 1298 rem,
561 1266 607 1289 ne
637 1255 758 1301 inepte
789 1254 925 1301 aliquid
957 1254 1086 1289 dicam.
1133 1253 1400 1298 Imebaim'us
1430 1254 1481 1287 ita
1510 1252 1661 1287 exhibet
1692 1252 1972 1299 descriptionem
1999 1249 2059 1295 ³³)
2099 1249 2330 1293 „Salaman-

269 1324 340 1358 ἄνα
364 1324 517 1371 repetile
543 1324 753 1372 quadrupes
765 1325 906 1369 figura
939 1329 978 1358 et
999 1322 1280 1371 corporatitine,
1297 1328 1459 1370 praeter
1483 1321 1618 1369 capitis
1644 1327 1683 1356 et
1701 1321 1839 1356 rentris
1863 1320 2069 1355 crassitiem
2092 1319 2260 1354 lacertae
2282 1319 2333 1353 vi—

267 1394 346 1428 ridi
365 1406 474 1441 qaam
496 1394 726 1438 suniuimum,
749 1395 910 1429 caudam
934 1393 1136 1428 breviorem
1161 1397 1200 1427 et
1219 1391 1258 1426 in
1272 1391 1371 1439 pelli
1384 1392 1525 1439 pingui
1539 1397 1648 1438 atque
1670 1391 1863 1434 renitente,
1888 1390 2049 1425 colorem
2070 1389 2230 1434 nigrum,
2254 1402 2332 1423 ma-

270 1463 361 1498 culis
384 1463 490 1498 luteis
506 1464 728 1512 plerumque
751 1476 960 1512 respersum
983 1462 1131 1505 liabens,
1152 1462 1318 1496 locorum
1331 1462 1570 1507 fivgidorum
1600 1466 1639 1495 et
1665 1459 1898 1495 humidorum
1923 1459 2229 1502 amantissimum,
2247 1459 2333 1507 pla-

267 1533 366 1566 riam
390 1534 618 1580 apparentia
641 1546 709 1568 sua
726 1533 1019 1581 praenuncians,
1041 1537 1081 1567 et
1089 1531 1198 1578 falso
1224 1532 1408 1579 quondam
1432 1531 1623 1574 creditum,
1648 1531 1687 1565 in
1710 1530 1796 1576 igne
1820 1542 1895 1565 non
1919 1542 1989 1564 con
2011 1529 2183 1564 cremari.
2192 1535 2210 1548 ”
2237 1548 2285 1553 ——

418 1602 603 1637 Linnaeus
624 1602 682 1648 34)
707 1604 774 1638 ita:
807 1603 994 1647 „Lacerta
1019 1601 1287 1644 salamandra,
1309 1600 1432 1636 cauda
1454 1600 1575 1643 tereti,
1600 1599 1711 1642 brevi,
1737 1599 1861 1643 digitis
1875 1598 2020 1633 muticis
2044 1609 2202 1645 corpore
2219 1609 2335 1645 poro-

269 1683 308 1704 so
342 1671 452 1716 nigro
481 1673 617 1707 nudo.'’
666 1673 741 1708 Aut
761 1673 926 1708 Lacerta
947 1672 1071 1707 cauda
1093 1671 1198 1707 brevi
1213 1670 1334 1715 tereti,
1358 1671 1514 1718 pedibus
1538 1670 1746 1712 inermibus,
1771 1668 1911 1716 palmis
1934 1667 2204 1714 tetradactylis,
2221 1668 2333 1715 plan-

268 1740 314 1775 tis
338 1742 624 1788 pentadactyles.

417 1810 595 1846 Latreille
613 1808 674 1856 3⁵)
698 1811 765 1845 ita:
804 1811 1087 1853 „Salamandra
1116 1811 1304 1846 terrestris
1337 1810 1530 1854 nigricans
1544 1809 1685 1854 fasciis
1706 1807 1826 1852 flavis
1857 1806 1998 1841 duabus
2020 1805 2224 1840 dorsalibus
2253 1817 2334 1840 sae-

263 1879 351 1925 pius
375 1879 604 1928 interruptis,
627 1881 751 1916 canda
775 1880 882 1914 ralde
907 1891 1118 1927 compressa
1142 1879 1370 1925 marginibus
1398 1878 1517 1913 acutis
1539 1877 1900 1924 membranaceisque
1930 1874 1988 1919 (in
2015 1875 2152 1911 adultis
2172 1875 2336 1910 maribus

264 1950 501 1995 praesertim.
509 1952 551 1994 ”)

413 2018 569 2054 Daudin
589 2018 648 2064 ³⁶)
670 2019 739 2053 ita:
779 2019 921 2065 „Corps
945 2018 1080 2063 alonge'
1105 2018 1330 2065 cylindrique
1353 2030 1415 2060 nu,
1437 2027 1691 2062 rerruqueux,
1725 2014 1882 2049 termine'
1898 2026 1979 2062 par
2007 2026 2079 2048 une
2103 2025 2196 2060 quen
2221 2013 2334 2059 cylen-

271 2086 399 2134 driqne
424 2099 472 2122 ou
496 2088 716 2135 compi-inibe
742 2099 788 2122 en
812 2087 991 2132 nageoire
1014 2092 1052 2121 et
1062 2087 1266 2134 persistent
1276 2099 1358 2134 par
1381 2085 1562 2121 d’oreilles
1587 2090 1767 2119 externes.
1791 2104 1841 2109 —
1864 2083 2019 2128 Langue
2044 2088 2171 2117 courte
2194 2083 2334 2130 e'paisse

272 2157 515 2192 entier-eruent
534 2157 743 2193 adherente.
792 2157 904 2192 Pieds
929 2157 1138 2191 ante'rieurs
1161 2157 1185 2191 a
1211 2162 1343 2204 quatre
1369 2169 1416 2191 ou
1441 2156 1532 2190 trois
1556 2155 1677 2200 dmgts
1704 2160 1784 2189 tous
1808 2165 1894 2188 sans
1917 2153 2044 2198 ongles
2068 2157 2107 2186 et
2125 2151 2262 2186 obtns.”
2286 2172 2335 2176 —

418 2226 640 2263 Laurentius
661 2225 720 2272 ³⁷)
751 2227 915 2262 similiter
943 2226 1135 2272 diagnosin
1157 2226 1275 2270 dedit,
1305 2226 1370 2262 sed
1393 2226 1523 2261 merito
1550 2225 1763 2270 interrogari
1784 2224 1885 2266 licet,
1920 2222 2048 2270 quibus
2078 2227 2200 2257 motus
2228 2221 2336 2256 fuerit

271 2298 504 2341 argumentis,
527 2298 712 2344 aquaticas
736 2296 901 2333 dividere
925 2296 1185 2332 Salamandras
1208 2307 1230 2331 a
1251 2296 1491 2338 terrestribus,
1519 2295 1590 2330 illis
1614 2293 1714 2330 aliud
1739 2293 1945 2329 adtribuere
1967 2302 2114 2333 nomen,
2144 2290 2335 2326 Tritonum

424 2521 474 2563 ²³)
493 2521 623 2553 Journal
643 2522 680 2553 de
697 2521 859 2599 physiqnj?
882 2521 919 2551 de
942 2512 1055 2550 chimie
1075 2527 1106 2550 et
1125 2520 1282 2551 d‘liistoire
1304 2521 1466 2551 naturelle.
1506 2520 1608 2550 Tome
1629 2517 1731 2549 XCII.
1761 2527 1833 2558 pag.
1860 2516 1922 2546 313
1947 2523 1978 2547 et
2003 2515 2105 2548 Tome
2130 2515 2234 2548 XCV.
2264 2529 2336 2560 pag.

571 2572 630 2601 160
651 2588 693 2592 -
713 2570 781 2602 173.
849 2576 890 2599 to.

424 2629 474 2670 ²⁴)
495 2629 662 2659 Anatomie
689 2629 753 2659 und
774 2626 1054 2668 Nam-geschichte
1083 2627 1137 2657 des
1163 2626 1342 2668 fliegenden
1371 2625 1536 2657 Drachens
1564 2635 1626 2655 von
1656 2624 1712 2654 Dr.
1741 2622 1874 2654 Friedr.
1912 2623 2112 2654 Tiedemann.
2150 2623 2337 2668 Nuernberg

571 2678 662 2707 1811.
690 2675 752 2707 lito.
776 2687 847 2717 pag.
875 2676 922 2705 11.

423 2734 473 2776 25)
494 2735 674 2766 Handbuch
698 2735 752 2765 der
777 2733 1035 2776 pathologischen
1054 2732 1221 2764 Anatomie
1242 2743 1304 2763 von
1324 2731 1356 2762 J.
1379 2730 1418 2762 F.
1438 2730 1575 2763 stleclaeel.
1616 2732 1752 2773 Leipzig
1779 2730 2009 2761 1812-181S.
2031 2729 2071 2760 II.
2094 2731 2166 2761 8vo.

424 2793 473 2834 ²⁶)
501 2791 608 2824 Ueber
630 2795 699 2824 eine
728 2793 874 2834 wichtige
903 2792 1061 2822 Function
1091 2792 1145 2822 der
1171 2791 1302 2828 Venen,
1333 2791 1378 2822 als
1400 2790 1530 2832 Beitrag
1555 2802 1611 2821 zur
1633 2789 1820 2821 Geschichte
1839 2786 1943 2820 dieser
1966 2788 2105 2827 Gefasse,
2133 2790 2167 2820 in
2194 2789 2337 2822 ,Meckels

569 2841 686 2872 Archiv
709 2841 757 2872 fiir
779 2841 828 2872 die
850 2841 1053 2882 Physiologie
1074 2839 1128 2870 ΠΙ.
1151 2851 1213 2881 pag
1236 2838 1304 2870 148.

425 2901 474 2942 27)
506 2900 699 2932 Treviranus
717 2899 861 2941 Biologie
883 2898 1006 2930 I—VI.
1051 2899 1224 2939 Gottingen
1254 2899 1482 2928 1802—1822.
1517 2899 1588 2928 Svo.

426 2958 475 2999 ²⁸)
494 2954 664 2990 Lehrbuch
685 2959 739 2989 der
760 2958 924 2989 Zootoniie
947 2969 1008 2988 von
1035 2957 1073 2987 G.
1101 2957 1133 2987 C.
1162 2957 1273 2987 Carus.
1316 2957 1452 2998 Leipzig
1483 2956 1572 2985 1818.
1602 2955 1662 2984 Svo
1682 2955 1755 2994 maj.

426 3017 475 3057 29)
503 3016 604 3047 Carus
622 3016 727 3047 Ueber
746 3016 882 3057 Bildung
905 3017 959 3047 des
982 3015 1192 3046 Darmkanals
1222 3026 1278 3045 aus
1308 3015 1377 3045 dem
1396 3012 1588 3045 Dottersack
1616 3013 1649 3042 in
1670 3012 1730 3042 den
1750 3012 1877 3042 Lan-en
1899 3012 1954 3042 des
1975 3011 2269 3050 Erdsalamanders,
2304 3015 2335 3044 in

572 3063 751 3095 Dresdener
770 3065 949 3095 Zeitschrift
968 3065 1017 3095 fiir
1036 3063 1136 3094 Natur
1158 3064 1222 3094 und
1244 3063 1425 3094 Heilkunde
1447 3062 1488 3099 L,
1514 3062 1540 3092 1.
1560 3072 1632 3102 pag.
1655 3060 1724 3090 138.

426 3122 475 3163 ³⁰)
496 3122 552 3154 Dr.
575 3122 732 3153 Heinrich
750 3122 873 3154 Ralhke
897 3124 935 3153 de
959 3123 1231 3154 Salamandrarum
1260 3120 1441 3163 corporibus
1467 3120 1622 3161 adiposis,
1650 3119 1778 3156 ovariis,
1808 3117 2019 3155 oviduetibus‚
2042 3129 2210 3161 eorumque
2229 3119 2336 3151 evolu-

573 3172 668 3201 tione.
711 3170 850 3202 Berolini
875 3172 964 3201 1818.
987 3169 1048 3201 410.

427 3229 476 3270 ³¹)
506 3229 563 3260 Dr.
591 3228 747 3260 Heinrich
773 3229 896 3260 Rathke
932 3229 1078 3269 Beitrage
1114 3239 1170 3258 zur
1197 3227 1439 3268 Entwickelung
1469 3227 1523 3256 der
1551 3225 1733 3257 Thierwelt.
1784 3224 1911 3266 Danzig
1940 3223 2029 3256 1820.
2067 3223 2118 3256 litu
2138 3227 2212 3266 maj.
2261 3225 2335 3256 ibid.

573 3276 678 3316 Ueber
701 3278 750 3307 die
772 3275 929 3308 Urodeleu
951 3278 977 3317 (!
991 3277 1019 3317 ἒ)
1042 3288 1113 3318 pag.
1137 3277 1207 3305 1—-
1222 3274 1290 3307 104.

429 3335 478 3375 32)
498 3336 645 3367 Versucli
664 3337 750 3366 eines
772 3334 932 3375 Systemes
953 3336 1008 3366 der
1030 3334 1218 3378 Amphibien
1240 3345 1301 3366 von
1323 3334 1451 3366 Blastus
1467 3332 1622 3364 Mer-rem.
1667 3332 1818 3374 Marburg
1842 3333 1931 3362 1820.
1953 3333 2024 3362 Svo.
2045 3350 2086 3355 ...-

430 3392 480 3433 33)
501 3393 522 3423 l.
544 3407 570 3425 c.
591 3405 662 3436 pag.
684 3392 733 3424 46.

431 3451 481 3492 ³⁶⁶)
502 3451 522 3482 l.
542 3463 567 3482 c.
588 3464 659 3494 pag.
679 3450 751 3490 204,
775 3452 845 3482 205.

433 3508 481 3549 35)
505 3509 525 3540 l.
549 3521 575 3540 c.
596 3521 668 3551 pag.
689 3512 740 3540 28.

432 3567 480 3608 3ξ’)
505 3567 525 3598 l.
545 3579 571 3599 c.
599 3579 670 3610 pag.
691 3568 761 3602 217.

433 3626 482 3666 Ἰ7)
504 3625 524 3656 l.
546 3637 572 3657 c.
603 3638 674 3667 pag.
696 3626 746 3663 36,
766 3625 815 3657 41.
